3576 5536
842 333 1050 398 ..24-

296 515 414 582 idonea
436 523 523 582 sunt:
547 516 712 586 Hadriano
737 539 799 584 non
819 517 990 602 placebant
1005 520 1160 586 contrarii
1178 520 1344 588 discursus
1359 522 1380 587 i.
1404 543 1431 590 e.
1455 524 1484 589 si
1506 523 1595 607 equi-

296 631 362 692 tum
388 646 462 710 pars
489 625 523 691 in
548 625 641 710 hanc,
668 629 771 694 altera
794 647 868 710 pars
897 620 1146 694 iu‘contrariam
1169 628 1331 710 regionem
1356 633 1522 714 equitaret.
1567 635 1595 698 si

296 755 371 802 vero
395 734 474 818 quid
495 733 621 802 efficere
642 737 751 818 velint,
775 735 855 804 dicit
877 735 995 804 debere
1018 757 1208 805 concurrere
1231 737 1251 804 i.
1275 759 1302 806 e.
1327 739 1436 807 hostes
1457 742 1595 826 adgredi

260 829 263 836 ¹
297 865 360 910 uno
383 845 525 912 omnium
552 845 674 930 impetu
703 865 742 912 ac
763 846 806 910 vi.
849 844 1045 929 praeseribit
1069 853 1246 930 praeterea,
1275 853 1311 914 ut
1340 869 1358 916 e
1387 855 1471 916 tecto
1496 871 1595 934 eques

297 961 496 1022 transcurrat
518 961 550 1020 et
572 959 786 1038 persequatur
807 959 910 1020 caute.
942 951 1027 1021 hunc
1047 953 1133 1020 enim
1157 974 1284 1022 sensum
1308 963 1394 1024 recte
1416 957 1595 1026 Buecheler

299 1065 524 1132 enucleavisse
546 1062 624 1130 mihi
639 1062 778 1130 videtur.
806 1069 942 1148 apparet
957 1064 1094 1147 perutile
1115 1083 1197 1144 esse,
1219 1071 1254 1131 ut
1277 1067 1402 1149 equites
1425 1067 1501 1133 tecti
1516 1066 1595 1145 sint3

298 1174 333 1240 id
355 1195 426 1242 curn
450 1173 611 1240 interdum
629 1174 692 1240 loci
718 1179 834 1240 natura
861 1174 914 1254 (cf.
937 1194 1116 1258 anonymus
1140 1175 1336 1259 Byzantinus
1360 1174 1438 1260 περὶ
1459 1197 1596 1260 στρατη-

297 1285 384 1370 γικῆς
399 1287 449 1367 38,
473 1285 489 1350 l
513 1285 547 1348 in
567 1276 700 1366 ‘griech
716 1274 995 1368 kriegsschriftst.'
1018 1284 1068 1350 ed.
1084 1284 1232 1370 Koechly
1247 1286 1289 1366 II,
1312 1288 1345 1365 2)
1369 1294 1435 1352 tum
1451 1286 1595 1372 peditum

298 1395 412 1460 robore
436 1394 480 1460 fit.
523 1395 640 1461 etenim
661 1383 800 1470 ἀσθενὲς
820 1388 859 1458 cd
887 1392 993 1474 πεζῶν
1021 1388 1142 1478 ἔρημον
1164 1387 1304 1458 ἱππικὸν
1324 1389 1410 1478 πρὸς
1430 1391 1469 1460 τὸ
1496 1393 1595 1477 ἁμίπ-

298 1525 383 1580 πους
405 1497 525 1585 πεζούς
548 1497 623 1582 ἔχον
645 1496 961 1588 (Χ66ορ6.1ππαρχ.
984 1505 1013 1582 5,
1039 1505 1102 1584 13).
1124 1505 1164 1571 ob
1188 1524 1259 1570 eam
1282 1525 1349 1572 rem
1369 1507 1415 1572 sic
1437 1507 1594 1572 instruun-

299 1620 350 1680 tur
372 1613 406 1679 in
428 1613 498 1680 acie
521 1610 717 1696 (Asclepiod.
741 1612 759 1676 7
766 1632 773 1694 ;
795 1610 867 1676 Arr.
892 1631 920 1676 a.
942 1616 963 1676 t.
986 1631 1012 1677 6.
1034 1609 1099 1694 26),
1122 1619 1156 1676 61
1178 1619 1359 1695 excurrant,
1380 1633 1415 1680 sc
1437 1613 1597 1697 recipiant

298 1723 404 1805 (anon.
428 1723 504 1806 Byz.
528 1723 577 1806 35,
600 1722 635 1802 4;
660 1722 710 1804 36,
733 1719 776 1802 2),
805 1719 1003 1804 proelientur
1025 1720 1079 1800 (cf.
1102 1720 1185 1788 Xen.
1209 1714 1347 1804 ἳππαρχ.
1370 1725 1398 1804 3,
1423 1723 1474 1803 19)
1498 1743 1518 1787 a
1541 1743 1596 1806 pe-

299 1833 420 1901 ditibus
444 1832 530 1900 tecti.
574 1831 644 1899 iure
669 1823 769 1914 igitur
790 1831 856 1898 Leo
879 1837 954 1898 tact.
977 1830 1050 1914 Vll,
1073 1831 1112 1896 61
1145 1830 1234 1898 16161
1265 1825 1342 1910 τούς
1363 1829 1596 1917 καβαλλαρίους

297 1939 341 2031 μὴ
364 1939 566 2023 κατατρέχειν
583 1940 650 2004 τῶν
672 1937 803 2023 ἐχθρῶν
824 1937 906 2025 μηδὲ
930 1933 1136 2026 ἀφίστασθαι
1154 1942 1213 2026 τῆς
1235 1941 1369 2026 πεζικῆς
1383 1935 1597 2026 παραράξεως

298 2044 531 2130 6161616616
556 2042 726 2135 διάστημα.
771 2051 899 2117 cautela
920 2050 1006 2118 enim
1032 2051 1072 2117 iis
1097 2070 1169 2117 cum
1190 2051 1274 2118 alias
1297 2051 1350 2129 (cf.
1373 2051 1439 2118 Leo
1461 2051 1519 2132 IX,
1542 2051 1597 2132 43)
1672 2097 1674 2102 -

299 2170 365 2230 tum
389 2163 422 2227 in
445 2159 668 2246 persequendo
696 2153 846 2242 (ἱππαρχ.
870 2161 899 2242 8,
925 2157 977 2242 14)
1006 2157 1193 2226 adhibenda
1216 2166 1274 2234 est,
1306 2180 1347 2226 ne
1377 2162 1542 2228 incurrant
1563 2161 1598 2228 iu
1693 2241 1696 2250 Α

299 2273 452 2358 pericula.
495 2269 623 2354 laqueis
647 2271 732 2337 enim
757 2270 941 2354 frequenter
962 2269 1088 2353 equites
1113 2270 1271 2338 obnoxios
1294 2289 1365 2336 esse
1384 2271 1464 2354 Veg.
1481 2271 1541 2350 III,
1557 2273 1596 2335 23

299 2385 380 2450 dicit
404 2390 436 2448 ct
449 2374 623 2464 τριβόλους
638 2386 749 2448 contra
763 2385 993 2464 persequentes
1018 2378 1126 2463 [aliter
1141 2381 1220 2464 Veg.
1244 2381 1305 2460 III,
1321 2379 1374 2464 24]
1395 2378 1597 2446 adhibendos

301 2513 372 2560 esse
400 2513 494 2558 anon.
522 2491 600 2575 Byz.
629 2491 679 2568 38,
706 2491 725 2554 5
753 2488 855 2555 docet.
911 2487 951 2555 de
979 2489 1125 2558 caliculis
1149 2490 1191 2556 ab
1217 2489 1385 2556 Hadriano
1413 2491 1597 2556 memoratis

300 2601 377 2667 nihil
401 2600 519 2667 inveni.

249 2718 276 2780 1.
339 2700 539 2778 ‘couvertuit'
563 2708 717 2774 hocloco
740 2708 808 2773 solo
831 2706 958 2772 videtur
981 2712 1103 2774 extare.
1140 2708 1292 2774 similiter
1314 2707 1447 2774 verbum
1467 2705 1599 2774 adhibet

300 2819 377 2904 ch.
408 2820 451 2902 Il,
474 2821 501 2885 2.
548 2812 650 2885 ‘verto
680 2805 772 2882 verti'
797 2815 972 2883 Diomedes
1000 2825 1032 2882 et
1055 2816 1241 2884 Priscianus
1268 2815 1394 2884 docent.
1422 2817 1461 2883 cf.
1486 2812 1597 2884 ι116616

300 2918 429 2997 stertui'.
479 2919 639 2994 ‘avertuit'
669 2924 871 2993 Roeusohius
905 2924 1195 3009 deitateque?
1232 2947 1273 2992 ex
1305 2926 1416 2994 codice
1443 2925 1598 2994 Fuldensi

300 3039 426 3106 Hoseae
445 3040 508 3122 8,3
532 3037 645 3112 adfert,
669 3035 754 3102 idem
775 3031 918 3118 ‘lambri
940 3037 1095 3115 conterui,
1119 3035 1205 3102 linui'
1229 3037 1281 3118 al,
1304 3036 1374 3121 ipse
1395 3037 1428 3102 in
1447 3027 1504 3102 ‘ui'
1527 3055 1597 3119 pcr-

301 3148 386 3214 fecta
407 3167 470 3213 uon
492 3146 637 3230 legitima
659 3145 814 3230 temporis
847 3145 988 3212 labentis
1017 3144 1126 3212 inveni
1155 3139 1280 3230 ‘reguit'
1309 3166 1361 3230 ap.
1385 3146 1484 3212 Henn.
1506 3146 1598 3227 6686,

297 3247 445 3324 ‘desinui'
466 3259 498 3322 in
521 3255 745 3322 Commodiani
769 3277 794 3322 c.
816 3275 869 3339 ap.
893 3256 964 3321 261.

247 3371 276 3432 5.
337 3357 555 3432 ‘transcurrat'
578 3387 622 3432 sc.
642 3385 700 3450 per
715 3385 864 3449 campum
884 3370 1040 3449 apertum.
1085 3364 1125 3430 cf.
1151 3363 1229 3444 Veg.
1253 3364 1313 3446 ΙΙΙ,
1335 3364 1368 3428 9;
1389 3363 1429 3430 ‘si
1450 3362 1596 3446 equitatu

299 3475 487 3558 gaudemus,
510 3495 641 3559 campos
664 3474 819 3541 debemus
842 3473 971 3558 optare?
1016 3472 1114 3540 simili
1139 3473 1264 3540 ratione
1286 3475 1418 3540 verbum
1440 3481 1598 3538 transcur-

285 3584 391 3652 .reudi
413 3583 587 3651 adhibetur
600 3603 620 3648 a
635 3584 787 3650 Frontino
810 3589 940 3666 strateg.
963 3584 1006 3666 Il,
1021 3585 1052 3666 3,
1067 3584 1121 3647 20:
1142 3575 1281 3666 ‘equites
1304 3603 1324 3648 a
1345 3583 1477 3650 sinistro
1499 3603 1598 3648 cornu

263 3772 265 3782 .
299 3699 427 3778 praeter
449 3714 505 3760 ora
526 3693 697 3777 phalangis
723 3691 818 3759 iussit
839 3681 1081 3758 transcurrere.²
1118 3692 1157 3770 cf.
1177 3682 1375 3759 ‘tramittere'
1398 3691 1485 3776 apud
1507 3692 1598 3757 Lucr.

301 3802 343 3880 ll,
365 3804 444 3868 330:

498 3905 544 3979 ‘et
564 3911 685 3980 circum
706 3912 842 3980 volitant
864 3914 988 3997 equites
1008 3911 1197 3995 mediosque
1219 3918 1351 3997 repente

501 4023 681 4089 tramittunt
702 4022 814 4090 valido
836 4023 1020 4107 quatientes
1044 4024 1162 4106 impete
1185 4013 1336 4108 campos'

250 4136 279 4197 6.
343 4139 398 4198 661
421 4152 497 4198 casu
521 4132 640 4199 factum
667 4138 724 4212 est,
747 4139 782 4198 ut
796 4131 894 4198 verba
913 4126 943 4197 ‘e
957 4138 1042 4198 tecto
1056 4137 1255 4198 transcurrat
1269 4122 1378 4214 eques'
1394 4132 1484 4216 prius
1500 4132 1599 4196 henri-

302 4242 452 4310 stichium
475 4241 651 4306 hexametri
676 4242 822 4324 forment,
850 4248 906 4307 aut
930 4247 1057 4326 sumpta
1081 4248 1156 4306 sunt
1182 4261 1222 4308 ex
1249 4248 1346 4326 poeta
1372 4241 1492 4324 aliquo.
1536 4262 1599 4325 quo

301 4360 446 4436 tempore
473 4351 502 4416 is
531 4351 638 4434 fuerit,
669 4351 824 4434 indagare
857 4372 922 4418 uon
954 4350 1040 4418 licet.
1089 4351 1214 4417 ratione
1247 4351 1333 4418 enim
1360 4371 1515 4420 caesurae
1542 4373 1598 4420 seu

301 4463 409 4548 potius
441 4483 645 4531 caesurarum
674 4465 827 4547 temporis
856 4463 1010 4530 indicium
1039 4465 1158 4548 conligi
1184 4485 1249 4530 non
1281 4471 1398 4548 potest,
1431 4483 1502 4530 oum
1534 4464 1599 4528 iam

301 4573 424 4638 Ennius
450 4573 580 4639 schema
602 4572 681 4639 illud
711 4573 850 4658 duplicis
879 4593 1033 4642 caesurae
1061 4573 1215 4658 (trithem.
1246 4580 1277 4640 ct
1302 4572 1500 4658 bephihem.)
1528 4593 1600 4640 cum

302 4681 510 4750 distinctione
541 4683 711 4751 verborum
747 4689 820 4768 post
846 4686 973 4752 tertium
1003 4684 1189 4752 trochaeum
1223 4683 1409 4752 adhibuerit
1435 4684 1517 4764 (Birt
1555 4682 1598 4750 ad
