3576 5536
563 1246 773 1328 sententiae
806 1249 1084 1329 controversae.

200 1495 228 1557 1.
301 1493 481 1559 tralaticius
500 1513 588 1558 error
610 1493 694 1558 inest
716 1493 748 1558 in
769 1493 833 1558 Ios.
859 1494 889 1558 b.
914 1495 938 1558 I.
961 1495 1020 1576 III,
1043 1495 1072 1578 5,
1098 1495 1130 1558 l:
1152 1489 1190 1556 ud
1213 1493 1242 1558 δ’
1268 1487 1330 1558 oda
1355 1490 1479 1560 εἰκαῖον

263 1594 331 1664 oto’
352 1600 521 1683 ἀνώμαλον
550 1601 609 1683 [so.
633 1595 671 1663 ud
696 1595 938 1684 στρατόπεδον]
963 1599 1226 1692 iycr'pocoovlsc.
1256 1597 1286 1667 oi
1310 1603 1479 1688 Ῥωμαῖαι]

222 1725 225 1730 ’
263 1703 351 1775 οὐδὲ
374 1706 535 1787 πάντες,
562 1703 583 1793 ἢ
604 1709 753 1787 ἀτάκτως
768 1705 988 1794 διαλαβόντες,
1010 1703 1079 1774 ἀλλ’
1095 1707 1124 1776 εἰ
1145 1711 1204 1794 μὲι
1228 1762 1478 1780 ...........

261 1819 431 1917 legendum
452 1841 568 1904 nempe
590 1827 653 1886 est:
677 1811 754 1884 οὐδ’
780 1814 957 1897 ἐίιανιες.
981 1821 1021 1886 of.
1044 1821 1128 1906 Hyg.
1153 1821 1172 1902 ἓ
1195 1823 1245 1888 50.

200 1959 229 2020 2.
304 1955 374 2022 Arr.
397 1961 519 2022 abach
536 1976 562 2020 s.
578 1957 618 2020 35
634 1955 683 2036 §2
707 1957 795 2038 lego:
814 1953 962 2039 σημείοις
984 1954 1020 2018 δὲ
1041 1953 1338 2036 διακεκριμένοι
1363 1957 1480 2035 [διακε-

262 2063 422 2146 κριμένοις
452 2065 545 2131 codd.
577 2071 607 2130 et
637 2061 722 2152 edd]
748 2056 996 2130 ἀπελαύνουσιν.
1042 2065 1096 2149 (of.
1119 2065 1198 2131 ibid.
1222 2064 1240 2146 ἕ
1262 2067 1292 2129 5:
1320 2059 1480 2148 διάκρισις

263 2175 320 2257 τῆς
342 2169 552 2253 ἐπελάσεως.)

202 2311 231 2372 3.
306 2308 390 2393 Hyg.
414 2309 454 2375 de
478 2317 657 2376 castramet.
675 2331 700 2376 c.
717 2313 750 2376 2:
771 2309 933 2394 ‘qrrotiens
951 2309 1088 2375 latitudo
1105 2309 1297 2396 duplicatur,
1311 2309 1480 2392 longitudo

265 2410 573 2500 pa1·iterminuet.'
616 2420 664 2485 sic
691 2427 776 2486 recte
801 2421 1086 2486 codArcerIanns.
1124 2420 1207 2485 falso
1231 2421 1479 2485 immutaverunt

265 2526 404 2592 editores
426 2527 459 2593 in
480 2521 672 2595 ‘minuetur'.

202 2665 231 2727 4.
311 2663 586 2746 arnuncort
634 2686 745 2732 versus
775 2666 879 2731 ultimi
900 2667 1033 2731 lacunas
1056 2665 1101 2730 sie
1135 2665 1284 2749 suppleo:
1311 2669 1343 2728 et
1365 2658 1480 2748 [muln]

265 2769 494 2860 [Muulimlulm
519 2775 640 2858 pudore
664 2776 732 2841 solo
755 2775 971 2842 comitabatur
994 2795 1063 2840 suo.

203 2909 231 2970 5.
308 2907 378 2973 OIL
390 2908 476 2985 VIII,
491 2910 583 2974 2750.
607 2910 732 2974 titulum
745 2910 902 2976 condneri
919 2908 1072 2975 tredeoIm
1085 2907 1281 2974 hexametris
1292 2907 1480 2991 vulgaribus

266 3015 546 3082 clairmannum
571 3018 632 3081 300
652 3038 683 3101 p.
709 3017 743 3084 0.
767 3020 922 3104 scriptum
945 3038 1016 3084 esse
1040 3037 1165 3083 censeo.
1232 3066 1235 3076 .

204 3153 232 3214 6.
311 3151 380 3216 CIL
402 3152 491 3234 VIII,
514 3154 605 3218 2005.
630 3160 661 3218 et
683 3154 885 3220 acrostichon
906 3162 938 3220 et
953 3153 1144 3220 telestichon
1161 3153 1208 3234 (et
1223 3152 1358 3217 fortasse
1375 3151 1481 3235 ipsum

265 3260 405 3341 titulum)
428 3268 574 3328 constare
597 3263 792 3330 hexametris
811 3265 1000 3347 vulgaribus
1024 3264 1180 3349 suspicor.
1229 3341 1232 3360 Ι

206 3396 234 3460 7.
311 3416 435 3462 summa
458 3396 635 3463 hexametri
658 3389 802 3481 vulgaris
825 3401 877 3464 lex
894 3405 943 3464 est
962 3419 1025 3464 non
1043 3397 1232 3482 depravatio
1247 3395 1369 3462 heroici
1386 3393 1483 3461 hexa-

268 3507 360 3570 metri
389 3505 445 3571 sed
474 3507 658 3572 commixtio
689 3505 830 3588 rhythmi
863 3506 1020 3589 dactylici
1050 3505 1241 3588 (posteriore
1268 3500 1485 3580 hemistichio)

269 3634 339 3680 oum
363 3615 512 3700 rhythmo
535 3615 698 3681 trochaico
722 3616 845 3700 (priore
862 3613 1081 3693 hemistichia)
1104 3615 1196 3680 simul
1221 3611 1484 3678 accedente'ver-

268 3725 381 3790 borum
402 3731 546 3791 accentu.
576 3761 578 3769 ι

207 3860 237 3922 8.
315 3861 346 3937 a)
369 3860 522 3943 prologus
537 3861 661 3926 auctori
675 3859 903 3944 aenigmatum,
920 3879 1003 3942 quae
1018 3860 1163 3925 feruntur
1178 3856 1343 3942 Symposii
1358 3856 1484 3921 nomine

271 3969 380 4046 (Anth.
406 3969 475 4035 Lat.
499 3969 549 4035 ed.
572 3969 668 4034 Riese
691 3969 706 4034 Ι
727 3990 758 4053 p.
784 3969 867 4053 187),
889 3966 1125 4035 abiudicandus
1144 3974 1201 4032 est.
1453 3972 1457 3981 '
1595 3951 1598 3960 ’

312 4078 345 4159 b)
369 4079 464 4144 Riese
481 4078 685 4162 Symposium
701 4079 782 4144 (lues
794 4077 1228 4159 recensionesaenigmatum
1241 4076 1356 4142 fecisse
1367 4075 1486 4140 Inluria

270 4187 436 4254 contendit
457 4187 617 4270 (zeitschr.
643 4188 662 4252 f.
687 4195 765 4252 cest.
788 4209 896 4272 gymn.
921 4188 1001 4251 1808
1024 4208 1053 4270 p.
1078 4187 1140 4250 483
1151 4186 1243 4268 sqq.).

207 4299 235 4363 0.
313 4297 449 4364 Octavia
471 4298 568 4364 etiem
590 4299 725 4364 artiores
747 4299 836 4380 leges
855 4297 999 4362 elisionis
1022 4315 1119 4378 quam
1135 4295 1277 4360 Senecae
1297 4293 1485 4378 tragoediae

272 4409 426 4490 sequitur.

189 4542 238 4628 10.
313 4541 408 4606 Anth.
432 4541 497 4607 Pal.
515 4542 573 4621 IX,
597 4543 638 4604 80
652 4541 734 4606 falso
750 4540 852 4605 codex
865 4539 934 4603 Pal.
947 4537 1113 4602 Leonidae
1129 4537 1305 4602 Tarentino
1320 4537 1484 4603 adscribit.

273 4651 372 4734 epigr.
395 4649 599 4715 tribuendum
619 4658 668 4714 est
687 4648 852 4714 Leonidae
874 4644 1109 4725 Alexandrin03
1133 4652 1182 4711 est
1205 4645 1291 4710 enim
1314 4641 1485 4731 ἰσόψηφον

177 4815 182 4830 .
273 4758 439 4838 (numerus
462 4765 511 4824 est
532 4759 637 4838 6501).
