3576 5536
860 369 1068 441 ..34-

316 560 421 648 gionis
433 560 468 646 ¹),
491 562 651 646 signifieat
662 559 915 642 eosequitesqui
929 559 1109 643 legionibus
1123 561 1252 643 proprie
1264 560 1374 626 tributi
1387 569 1488 644 eraut,
1510 562 1611 628 artius

317 675 500 759 legionibus
522 692 618 755 quam
641 669 792 735 auxiliari
808 669 963 752 equitatui
982 668 1084 734 fuisse
1100 689 1246 735 conexos.
1283 669 1344 735 bue
1356 671 1505 754 pertinet,
1525 671 1612 754 quod

315 771 429 850 iisdem
450 789 548 866 atque
571 779 690 845 milites
713 779 850 862 legionis
873 777 1053 844 matriculis
1077 779 1224 861 inseripti
1245 785 1337 845 erant
1360 779 1414 861 (ef.
1437 799 1467 864 p.
1491 781 1556 861 39),
1579 787 1611 846 et

314 893 400 976 quod
427 893 519 977 gravi
549 896 713 956 armatura
744 889 915 954 utebantur
941 887 996 967 (oi.
1020 908 1051 972 p.
1077 889 1139 969 14).
1186 887 1301 972 quodsi
1331 889 1499 956 liedvinus
1529 890 1609 957 dieit

314 1002 371 1081 (kl.
395 1001 473 1086 pbil.
497 1000 579 1067 sehr.
602 1021 632 1084 p.
656 999 717 1064 502
733 995 792 1079 n.):
819 991 901 1063 ‘Von
925 997 1037 1064 diesen
1060 1001 1132 1074 [aus
1155 998 1284 1065 Gallien
1304 999 1369 1065 und
1391 999 1493 1066 Asien
1513 1006 1607 1066 stam-

315 1110 466 1187 menden]
490 1111 632 1189 Reitern,
666 1107 720 1175 die
747 1107 782 1172 in
806 1107 867 1172 den
890 1107 1012 1173 aeltern
1036 1107 1213 1175 Proviuzen
1236 1108 1444 1192 arrsgeboben
1467 1109 1533 1176 und
1554 1111 1613 1175 auf

314 1219 493 1286 roemische
514 1219 572 1285 Art
594 1217 766 1302 eingeuebt
788 1236 907 1290 waren,
930 1216 1064 1282 worden
1086 1215 1185 1282 sebon
1205 1217 1287 1300 jetnt
1309 1222 1360 1292 [nu
1373 1218 1510 1285 Caesare
1525 1219 1608 1296 Zeit]

315 1329 421 1412 einige
444 1328 477 1394 in
499 1327 639 1394 naebere
657 1326 868 1408 Verbindung
890 1325 949 1391 mit
970 1324 1032 1392 den
1055 1325 1221 1410 Legionem
1244 1333 1368 1410 gesetzt
1389 1329 1454 1394 und
1476 1328 1610 1395 worden

314 1457 396 1504 neue
429 1439 552 1520 equites
583 1437 765 1520 legionarii,
797 1436 859 1502 wie
887 1437 947 1501 wir
969 1436 1021 1502 bei
1044 1436 1121 1502 Tae.
1145 1435 1232 1518 (ann.
1255 1437 1309 1520 IV,
1333 1437 1388 1514 73;
1412 1437 1483 1503 bist.
1507 1439 1532 1520 Ι,
1556 1436 1610 1519 57)

317 1548 444 1632 equites
466 1547 629 1631 legionum
654 1545 778 1622 linden;
800 1546 862 1630 vgl.
878 1546 945 1612 Ios.
958 1545 1032 1612 bist.
1054 1545 1128 1613 Iud.
1144 1547 1203 1628 Ill,
1220 1548 1248 1628 6,
1265 1549 1293 1629 2,
1314 1567 1365 1613 wo
1382 1548 1441 1612 120
1453 1548 1523 1614 fuer
1533 1547 1611 1631 jede

315 1657 439 1741 Legion
471 1656 661 1740 angegeben
693 1655 785 1734 sind',
834 1655 945 1721 Dauus
977 1654 1089 1721 doetus
1122 1675 1185 1720 non
1218 1654 1350 1722 adtento
1373 1657 1482 1722 animo
1505 1658 1611 1724 losum

316 1787 410 1849 quem
443 1765 556 1832 citavit
583 1763 715 1849 Iosephi
746 1764 875 1830 videtur
906 1762 1038 1847 legisse,
1068 1764 1214 1847 alioquin
1249 1765 1532 1833 animadvertisset
1560 1767 1609 1832 lo·

315 1875 460 1960 sepbum,
488 1880 660 1956 autequam
686 1867 725 1936 ad
752 1865 838 1936 lilios
859 1873 921 1936 τοῦ
943 1866 1105 1955 τάγματος
1127 1867 1267 1964 ianuario
1287 1882 1459 1954 enumeret,
1484 1873 1611 1940 ἐπιλέκ-

314 2003 392 2058 τους
415 1974 548 2044 innius
570 1999 820 2046 commemorare
842 1987 874 2045 et
896 1985 1047 2062 utrosque
1063 1985 1175 2064 aperte
1191 1980 1384 2049 diseernere.
1414 1983 1610 2068 quodquam

315 2111 391 2157 vere
413 2089 571 2174 Iosephus
594 2089 766 2154 memoriae
789 2085 970 2166 tradiderit,
992 2086 1122 2152 Arriani
1144 2087 1207 2154 fide
1230 2088 1444 2171 confirmatur,
1468 2093 1524 2175 qui
1547 2093 1611 2160 duo

316 2201 493 2287 praecipua
515 2217 635 2283 genera
658 2197 801 2281 equitum
824 2196 875 2262 his
898 2197 1005 2262 verbis
1028 2191 1107 2275 (ἔκτ.
1129 2198 1198 2261 κατ’
1220 2188 1287 2263 'Ab
1301 2199 1318 2282 ξ
1334 2201 1384 2280 tl:
1408 2198 1465 2264 ἐπὶ
1487 2200 1523 2266 δὲ
1538 2198 1611 2268 τού-

315 2332 386 2387 τοις
407 2303 452 2390 οἱΙ
463 2306 628 2372 ἐπίλεκτοι
651 2300 769 2383 ἱππεῖς
789 2299 910 2370 ἴτωσαν
924 2305 978 2371 καὶ
994 2304 1051 2370 ἐπὶ
1066 2300 1197 2384 τούτοις
1215 2301 1245 2372 oi
1261 2299 1330 2372 u'rrri
1347 2309 1407 2392 τῆς
1418 2302 1612 2396 φάλαγγοςῖ)

316 2412 434 2495 ἱππεῖς
456 2417 627 2483 manifesto
650 2421 789 2500 separat.
833 2412 966 2480 dubium
989 2415 1089 2498 igitur
1109 2416 1241 2482 minime
1265 2418 1415 2502 cuiquam
1440 2420 1510 2503 erit,
1533 2421 1611 2504 quin

316 2529 412 2594 eleeti
434 2528 560 2610 equites
583 2532 615 2592 et
637 2526 762 2608 equites
784 2523 923 2609 legionis
946 2545 1009 2590 nou
1033 2525 1153 2592 fuerint
1174 2525 1287 2608 eidem,
1324 2526 1356 2592 bi
1388 2549 1451 2594 non
1480 2549 1521 2595 ex
1544 2531 1611 2624 illis

316 2638 388 2722 orti,
412 2636 470 2704 sed
492 2637 619 2720 utrique
643 2634 755 2702 eodem
778 2642 921 2719 tempore
944 2634 1087 2719 separati
1108 2641 1139 2700 et
1162 2634 1324 2716 diversi⁸).
1355 2657 1458 2721 neque
1481 2641 1610 2724 nomine

316 2753 439 2812 tentum
462 2743 656 2810 differebant
680 2744 804 2827 equites
827 2742 965 2827 legionis
988 2743 1030 2808 ab
1052 2743 1114 2810 illis
1136 2743 1194 2810 sed
1216 2744 1328 2827 gradu.
1357 2747 1432 2812 lieet
1446 2749 1531 2814 enim
1548 2749 1610 2814 for-

315 2854 431 2920 tissimi
455 2855 566 2937 reique
587 2853 738 2918 militaris
753 2853 918 2919 Romanae
940 2853 1128 2938 peritissimi
1151 2854 1229 2937 quin
1255 2854 1351 2922 etiam
1366 2859 1399 2923 vi
1415 2879 1610 2943 numeroque

317 2963 481 3046 equitibus
513 2961 653 3046 legionis
686 2959 859 3028 admodum
892 2961 1115 3046 praevalentes
1149 2962 1269 3029 fuerint
1297 2966 1421 3050 equites
1443 2969 1537 3035 electi
1559 2971 1610 3036 vel

316 3071 423 3156 potius
443 3073 526 3154 alae,
550 3092 589 3138 ex
613 3071 730 3154 quibus
750 3070 845 3137 eleeti
869 3070 1075 3136 sumebantur
1095 3072 1148 3152 (ef.
1174 3093 1204 3158 p.
1221 3075 1286 3156 37),
1308 3081 1414 3142 tamen
1438 3097 1477 3144 ea
1499 3100 1532 3145 re
1545 3100 1610 3145 nra-

316 3183 399 3246 xime
422 3181 587 3248 distabant
618 3180 757 3263 utrique,
789 3179 875 3262 quod
909 3180 1034 3263 equites
1056 3181 1195 3264 legionis
1228 3191 1319 3250 erant
1353 3187 1440 3253 eires
1463 3187 1610 3254 Romani.

315 3290 400 3356 inter
431 3290 563 3356 militem
585 3309 660 3356 vero
696 3297 729 3356 et
760 3294 900 3372 equitem
922 3289 1061 3374 legionis
1083 3291 1160 3374 quid
1183 3293 1372 3370 interfuerit,
1407 3296 1509 3363 titulis
1531 3319 1610 3364 non·

316 3399 414 3465 nullis
448 3399 607 3466 doeemur.
651 3399 706 3482 qui
741 3419 813 3465 eum
846 3398 1018 3466 ostendant
1048 3400 1141 3466 miles
1177 3403 1233 3485 qui
1255 3404 1392 3487 primunr
1416 3407 1612 3492 militaverit,

213 3515 215 3520 '
316 3515 429 3594 postea
450 3509 591 3591 equitem
614 3507 715 3574 luisse
740 3507 824 3588 (CIL
846 3509 884 3591 V,
908 3509 981 3590 896,
1004 3530 1033 3575 n.
1048 3510 1102 3586 35;
1127 3510 1180 3592 VI,
1204 3512 1296 3596 3409,
1319 3534 1349 3579 n.
1363 3515 1426 3596 26),
1450 3535 1491 3581 ex
1512 3518 1612 3583 milite

316 3617 409 3700 quasi
444 3618 583 3699 quodam
608 3617 703 3683 modo
737 3619 918 3702 promoveri
951 3619 1092 3702 equitem
1124 3620 1263 3704 legionis
1293 3624 1472 3707 apparet⁴).
1516 3626 1550 3692 id
1573 3646 1610 3692 eo

317 3726 422 3810 magis
445 3727 558 3809 elueet,
580 3726 609 3792 si
631 3729 663 3793 in
686 3727 748 3811 leg.
771 3727 819 3791 III
843 3728 924 3811 Aug.
949 3729 1086 3812 equitem
1110 3749 1150 3794 ex
1173 3731 1305 3815 optione
1331 3733 1449 3799 laetum
1472 3755 1545 3802 esse
1566 3736 1612 3803 iu-

316 3836 463 3902 venimus
487 3835 571 3916 (CIL
594 3835 681 3918 VIII,
707 3835 814 3916 2894).
858 3843 890 3903 et
912 3836 973 3903 boe
995 3839 1093 3904 facile
1116 3839 1285 3923 oredimus,
1318 3862 1388 3907 eum
1415 3845 1446 3908 in
1470 3847 1612 3912 exercitu

317 3945 460 4011 Romano
483 3963 553 4012 eam
576 3944 840 4014 consuetudinem
864 3946 964 4014 fuisse
980 3955 1113 4032 eonstet,
1134 3955 1169 4014 ut
1184 3949 1309 4033 equites
1326 3951 1490 4035 peditibus
1509 3954 1613 4039 digni-

419 4245 444 4315 1)
465 4245 522 4301 sive
541 4243 688 4315 legionarii
708 4247 766 4302 cin
777 4248 852 4318 VIII,
871 4249 950 4303 3260.

418 4335 445 4402 2)
464 4334 482 4390 i.
503 4351 525 4388 e.
544 4333 671 4403 legionis,
690 4339 723 4388 ut
743 4337 846 4404 passim
865 4337 940 4406 apud
960 4339 1122 4395 Arrianuru.

417 4421 444 4491 3)
463 4429 588 4476 veterum
611 4421 734 4493 (Sobelii,
759 4424 896 4494 Salmasii,
916 4426 1052 4497 Ernestii)
1077 4430 1169 4484 varias
1188 4435 1216 4485 et
1235 4431 1356 4487 incertus
1375 4432 1429 4490 hae
1448 4435 1483 4490 de
1502 4453 1533 4492 re
1552 4455 1612 4495 sen·

318 4509 430 4578 tentius,
450 4527 519 4578 ques
539 4509 625 4564 hebes
643 4515 788 4581 congestas
808 4512 836 4566 in
855 4513 921 4568 Tae.
941 4515 997 4568 rol.
1016 4515 1038 4569 1.
1056 4534 1083 4586 p.
1103 4517 1156 4572 360
1174 4519 1216 4572 ed.
1236 4519 1332 4589 neni,
1351 4522 1486 4578 adnotare
1499 4531 1528 4580 et
1540 4528 1613 4582 refu-

316 4603 378 4652 tare
397 4599 571 4668 supersedeo.
609 4604 731 4654 ceterum
751 4601 895 4657 liedvinus
914 4621 993 4658 sunm
1012 4605 1066 4659 sibi
1087 4624 1121 4660 ex
1141 4607 1201 4661 istis
1222 4609 1334 4664 videtur
1353 4614 1563 4670 contaminasse.

419 4687 448 4755 4)
468 4685 497 4739 id
515 4686 577 4740 fieri
595 4706 651 4742 non
670 4691 816 4758 potuisset,
835 4692 858 4745 si
878 4693 985 4761 equites
1005 4695 1122 4764 legionis
1135 4714 1191 4750 non
1208 4699 1281 4752 cives
1300 4699 1420 4754 Romani
1441 4702 1565 4758 luissent.
1591 4729 1593 4734 ¹
