3576 5536
857 395 1065 460 ..30-

243 589 296 644 216
413 581 467 662 27)
489 579 536 660 ΙΙ,
559 581 662 648 2663.
699 581 953 648 Tarraconensis.
977 581 1072 648 Leon.

314 691 396 776 Imp.
419 691 553 759 Caesari
575 691 616 757 M.
640 692 747 758 Aurei.
770 693 933 760 Antonino
956 693 1014 758 Pio
1038 693 1140 758 Felici
1164 693 1246 776 Aug.
1270 692 1409 758 Parthie.
1430 713 1512 759 max.
1534 695 1613 760 Brit.

314 821 397 866 max.
442 801 592 866 German.
616 821 701 866 max.
729 801 843 885 pontif.
867 822 950 867 max.
981 801 1054 867 trib.
1078 808 1141 886 pot.
1167 801 1294 867 XVIIII
1318 823 1382 868 cos.
1406 801 1450 866 IV
1470 801 1544 885 imp.
1568 803 1616 866 lII

313 933 345 997 p.
367 933 397 996 p.
420 930 507 996 proc.
540 911 667 994 equites
694 911 727 976 in
754 911 805 978 his
830 911 973 978 autarius
995 914 1056 994 leg.
1076 911 1139 978 VII
1160 931 1242 994 gem.
1266 913 1338 978 Aut.
1367 933 1397 997 p.
1425 913 1478 979 lcl.
1505 913 1613 979 devoti

313 1021 436 1088 numini
463 1020 657 1104 maiestatiq.
685 1021 764 1087 eius.

314 1130 525 1213 dedicatlum)
547 1131 609 1196 Vll
631 1130 663 1195 k.
687 1129 756 1197 Oct.
779 1130 887 1197 Gattio
911 1131 1032 1197 Sabino
1054 1131 1086 1196 Il
1109 1138 1141 1196 et
1162 1131 1234 1197 (lor.
1256 1132 1408 1199 Anullino
1432 1153 1495 1199 cos.

243 1333 295 1386 217
415 1319 470 1396 28)
492 1316 599 1399 Spart.
623 1317 733 1382 Corae.
756 1337 781 1384 c.
805 1319 839 1382 6:

313 1427 442 1494 Conscii
466 1426 576 1493 caedis
596 1426 817 1510 [Caracallac]
841 1428 971 1493 luerunt
987 1427 1202 1494 Nemesianus
1225 1437 1258 1494 et
1279 1429 1379 1494 irater
1401 1429 1472 1494 eins
1491 1429 1612 1512 Apolli-

314 1539 402 1604 naris
417 1537 653 1620 Recianusque,
678 1537 733 1619 qui
757 1539 939 1620 praefectus
963 1539 1102 1621 legionis
1125 1538 1285 1603 secundae
1302 1537 1473 1603 Parthicae
1495 1539 1612 1602 milita-

315 1647 372 1713 bat
394 1654 426 1712 et
448 1649 502 1730 qni
522 1640 698 1730 ‘equitibus
721 1639 1002 1713 extraordinariis
1023 1654 1180 1732 praeerat

422 1801 447 1836 v.
467 1800 494 1852 p.
514 1783 557 1836 42.

115 1972 136 2008 e.
152 1954 296 2006 212-218
414 1948 468 2022 29)
491 1945 559 2018 III.
581 1945 686 2013 4480.
720 1946 824 2012 Pano.
846 1967 915 2027 sup.
938 1944 1106 2011 Petroaell.

314 2108 320 2120 .
344 2106 350 2120 .
374 2105 381 2122 .
404 2057 617 2121 miserissima
640 2056 727 2140 Sept.
750 2056 892 2138 Ingenuo
914 2076 963 2138 eq.
987 2057 1048 2138 leg.
1064 2055 1165 2121 XIIII
1187 2075 1268 2138 gem.
1284 2059 1339 2141 qui
1355 2057 1467 2122 Partis
1491 2058 1612 2124 decidit

313 2169 345 2230 iu
368 2165 452 2230 bello
476 2165 561 2249 Sept.
586 2165 711 2231 Iuliano
732 2185 782 2248 eq.
806 2163 895 2248 (lleg.
919 2164 967 2229 XI
990 2167 1216 2244 lsleautlnn.

420 2300 538 2371 legionis
557 2299 621 2354 XIV
640 2299 769 2372 geminae
786 2317 948 2370 cognomen,
968 2299 1043 2368 quod
1062 2303 1104 2353 est
1124 2299 1228 2354 Martia
1247 2299 1364 2365 Victrix,
1384 2320 1445 2356 cum
1464 2307 1528 2372 post
1545 2303 1610 2372 Sep-

383 2390 494 2446 timium
513 2388 645 2444 Severum
664 2389 757 2442 omitti
776 2389 864 2442 soleat
883 2388 928 2455 (ci.
948 2387 1100 2443 Grotefend
1118 2389 1147 2442 iu
1160 2387 1258 2459 ‘Pauly
1276 2391 1394 2445 realenc.
1414 2391 1440 2444 d.
1459 2392 1497 2446 kl.
1517 2394 1552 2446 a.²
1572 2392 1610 2447 IV

384 2497 412 2548 p.
436 2479 512 2548 894),
536 2477 666 2532 bellando
692 2495 758 2532 vero
784 2481 883 2531 contra
911 2477 1032 2532 Parthos
1051 2478 1178 2532 Macrino
1206 2479 1363 2548 imperante
1390 2485 1528 2535 cessatum
1553 2499 1611 2535 esse

386 2571 501 2627 constet.
522 2566 637 2620 titulum
665 2565 740 2620 hunc
757 2582 813 2619 non
832 2570 938 2620 temere
958 2567 1088 2636 tempori.
1122 2567 1197 2636 quod
1221 2567 1276 2621 luit
1300 2569 1374 2622 inter
1392 2567 1558 2638 Septimium
1583 2575 1611 2624 et

385 2659 550 2728 Macrinum,
569 2658 766 2714 adscribamus.

115 2824 212 2878 eodem
223 2827 293 2878 tem·
411 2824 465 2903 30)
494 2821 586 2905 VIII,
609 2823 708 2888 3164.
742 2821 906 2887 Numidia.
930 2821 1121 2888 Lambaesis.

172 2913 241 2965 pore

314 2934 352 2997 D.
369 2932 409 2997 M.
433 2953 458 2997 s.
483 2930 517 2997 O.
537 2932 637 2998 Iulius
652 2931 846 2998 Saturninus
871 2952 920 3014 eq.
943 2932 1005 3014 leg.
1022 2933 1070 2997 III
1088 2934 1168 3015 Aug.
1191 2933 1430 2998 Antoninianae
1453 2955 1481 2998 v.
1504 2954 1534 2997 a.
1551 2933 1610 2997 XL

314 3042 483 3125 Propertio
506 3040 628 3120 Quinta
651 3061 732 3106 uxor
754 3049 786 3107 et
807 3041 899 3107 heres
920 3043 989 3107 eius
1011 3042 1119 3125 posuit
1141 3041 1169 3106 lr.
1193 3062 1218 3107 s.
1242 3062 1270 3106 e.

419 3177 470 3230 sub
490 3177 634 3231 Caracalla
654 3175 690 3229 ob
710 3193 863 3246 cognomen
880 3173 1117 3231 Antoninianae.

151 3383 294 3438 aaa-235
413 3369 464 3450 31)
485 3367 553 3450 ΙΙΙ,
576 3369 675 3434 1200.
710 3367 823 3433 Docto.
850 3367 1031 3451 Ocrlsburp.
1502 3434 1506 3442 ,

314 3481 352 3544 Ι).
368 3478 407 3543 Μ,
423 3479 466 3544 Sl.
485 3477 562 3543 Viae
569 3480 653 3557 sllls
676 3475 743 3542 Ser.
764 3476 871 3542 Vlctor
894 3477 961 3542 lad.
978 3497 1051 3560 equ.
1067 3479 1128 3560 leg.
1146 3477 1227 3542 XIII
1247 3499 1277 3562 g.
1293 3479 1325 3544 S.
1343 3479 1479 3562 Ingenui
1497 3479 1536 3544 si
1551 3500 1570 3544 u
1585 3501 1608 3542 r.

419 3617 461 3668 cst
484 3613 558 3683 legio
581 3612 648 3666 XIII
671 3612 795 3682 gemina3
823 3611 994 3682 S(cucriana)
1021 3630 1172 3682 cognomen
1197 3613 1354 3704 legionibus
1378 3613 1429 3666 sub
1449 3612 1608 3666 Alexandro

385 3701 486 3756 Severo
505 3701 571 3756 addi
590 3701 668 3755 solet.

242 3881 290 3932 231
413 3867 467 3946 32)
490 3864 670 3931 Brambuclr
694 3865 789 3931 1034.
823 3866 1033 3950 Mopuntiuci.

316 3979 436 4043 Bonum
466 3983 688 4070 eventumee.
717 3994 768 4057 qq.
798 3976 860 4058 leg.
890 3975 989 4040 XXII
1017 3996 1064 4060 pr.
1094 3995 1123 4058 p.
1155 3975 1177 4039 l.
1205 3975 1363 4040 Albanius
1394 3975 1544 4058 Agricola
1577 3981 1609 4040 ct

315 4085 532 4152 Macrinianus
559 4085 732 4168 Iuli(o)nus
763 4104 792 4167 q.
828 4085 859 4150 d.
886 4087 971 4150 cives
1001 4085 1109 4150 Sumcl
1133 4087 1160 4164 ll
1182 4084 1408 4169 (Pompeiano
1441 4092 1472 4149 et
1505 4085 1610 4149 Pacli-

314 4196 456 4278 gniauto)
479 4215 543 4260 cos.

243 4384 297 4436 240
414 4369 469 4453 33)
491 4369 560 4448 ΙΙΙ,
583 4373 684 4438 6942.
717 4371 930 4455 chcaslrurp.

316 4479 353 4544 ln
380 4479 430 4544 ho.
459 4480 489 4547 d.
518 4480 549 4545 d.
579 4482 603 4544 I.
634 4480 671 4546 Ο.
696 4481 736 4544 Μ.
769 4502 858 4546 aram
891 4483 994 4546 altare
1024 4482 1114 4546 iussu
1146 4480 1207 4564 ips.
1231 4481 1306 4547 Aur.
1327 4483 1529 4548 Peruincian.
1559 4503 1607 4565 eq.

316 4589 378 4672 leg.
400 4590 450 4654 III
472 4591 542 4655 Ital.
566 4589 596 4654 o.
620 4590 650 4654 d.
676 4589 753 4655 VIII
775 4591 840 4656 kal.
864 4593 946 4674 Aug.
970 4591 1125 4666 Subino¹l
1148 4600 1180 4657 et
1203 4593 1344 4658 Venusto
1365 4613 1429 4657 cos.

426 4725 448 4792 ¹)
468 4723 604 4793 [Varium
624 4725 725 4780 Sabino
745 4726 771 4778 Il
790 4726 823 4780 cl.
843 4727 926 4780 Klein
945 4727 1011 4780 faeti
1030 4725 1104 4780 cons.
1124 4745 1152 4796 p.
1176 4730 1233 4781 102.
