3576 5536
725 405 932 470 -15-

176 591 292 662 ὅπλου,
335 597 387 678 (4)
406 595 459 659 καὶ
482 593 516 657 ἐν
536 592 595 676 μέν
617 593 657 680 τῇ
680 585 858 674 παρελάσει
881 587 899 656 ὁ
920 585 1003 654 κατά
1029 586 1134 666 δεξιάν
1153 586 1361 675 ἐπιστροφήν
1382 582 1479 654 άκον-

175 703 291 786 τισμός
314 697 487 788 άναχκαῖος
502 693 590 786 αάτῴ
604 699 741 784 γίγνεται
754 716 760 732 ·
771 696 807 764 ἐν
822 697 857 763 ula?
877 703 917 788 τῇ
932 699 1087 763 παντελεῖ
1109 698 1296 788 ἐπιστροφῇ
1313 694 1332 762 ά
1347 699 1477 783 πέτρι-

176 837 240 889 νος
262 811 303 897 δι)
326 806 567 895 ὀνομαζόμενος
588 811 627 898 τῇ
645 811 780 875 Κελτῶν
799 811 903 897 φωνῇ,
929 804 966 887 ὃς
987 808 1053 874 ἐστι
1077 804 1211 874 πάντιυν
1233 803 1476 889 χαλεπώτατος.

176 943 240 988 nou
273 923 403 988 obstare
432 922 570 994 videtur,
603 921 690 1004 quod
724 928 847 986 tautum
897 921 1011 1004 optimi
1056 921 1181 1002 equites
1211 921 1264 996 (cl.
1287 941 1313 986 o.
1338 921 1378 984 48
1406 914 1479 984 ὅτι

176 1055 240 1114 περ
266 1025 442 1116 κράτιστον
465 1031 530 1094 τῶν
551 1024 693 1111 ἱππέων)
712 1049 752 1096 ex
777 1014 997 1112 equitantibus
1021 1036 1209 1114 procurrunt
1237 1038 1268 1096 et
1294 1049 1365 1097 eum
1390 1031 1477 1096 iucu-

176 1142 329 1209 latiooem
345 1147 516 1226 peragunt.
542 1142 570 1205 si
594 1141 679 1205 enim
696 1123 1076 1224 imperator-singillatim
1103 1140 1177 1204 illos
1194 1140 1332 1224 optimos
1347 1140 1478 1206 nolebat

176 1251 319 1330 laudare,
353 1251 501 1316 omuibus
524 1249 687 1332 equitibus
710 1269 779 1314 eam
810 1248 938 1314 laudem
961 1248 1102 1315 tribuere
1131 1250 1244 1333 potuit.
1288 1251 1358 1316 eius
1389 1249 1479 1316 iucu-

178 1362 311 1427 lationis
344 1360 520 1426 difficultas
546 1379 584 1425 eo
612 1359 715 1424 maior
740 1357 868 1424 videtur
896 1359 997 1424 fuisse
1025 1359 1188 1442 equitibus
1213 1357 1478 1442 legionis,·qu0d

177 1493 241 1537 nou
265 1471 523 1543 armis'levibus
553 1476 589 1534 ut
614 1469 739 1534 solebat
764 1469 834 1534 lieri
858 1468 900 1532 in·
919 1468 1078 1534 eiusmodi
1108 1467 1393 1534 exercitationibus
1423 1466 1477 1545 [cl.

73 1604 76 1611 ·
176 1580 246 1645 Arr.
270 1599 296 1645 c.
319 1581 377 1644 34:
405 1580 453 1659 (3)
474 1573 514 1640 τά
535 1571 636 1661 κράνη
661 1575 821 1640 δὲταῦτα
846 1577 883 1642 οὐ
905 1570 1059 1658 καθάπερ
1081 1571 1123 1641 τά
1145 1572 1192 1653 εἰς
1213 1571 1317 1660 μάχην
1338 1578 1478 1660 πεποιη-

115 1715 117 1720 ·
176 1687 257 1770 μένα
279 1685 346 1770 πρά
369 1691 426 1775 τῆς
449 1687 592 1774 κεφαλῆς
614 1687 667 1750 καὶ
694 1694 760 1752 τῶν
781 1689 928 1772 παρειῶν
950 1685 1170 1770 προβέβληται
1198 1678 1299 1767 μάνου
1320 1676 1401 1749 άλλά
1422 1678 1479 1750 iba

177 1789 283 1884 πάντῃ
296 1801 368 1873 τοῖς
390 1789 588 1879 προσώποις
610 1798 755 1860 ποιεῖται
779 1795 868 1878 (num
891 1789 1113 1878 πράςκειταιλ)
1135 1795 1202 1857 τών
1224 1788 1356 1858 ἱππέων
1376 1785 1479 1858 άνεω-

176 1907 258 1989 χιῖτα
283 1900 363 1969 κατά
379 1902 456 1982 τούς
471 1895 671 1989 άφὲλαλμοάς
692 1941 732 1950 -
755 1905 801 1985 (5)
825 1901 878 1968 καὶ
897 1899 1042 1986 θυρεοάς
1061 1902 1097 1968 δὲ
1110 1901 1268 1989 φέρουσιν
1282 1894 1342 1983 οάχ
1362 1897 1477 1985 ώσπερ

177 2011 225 2092 εἶς
245 2011 304 2092 τάς
324 2009 429 2097 μάχας
449 2008 530 2078 άλλά
553 2015 600 2100 τῷ
622 2008 723 2097 βάρει
743 2013 967 2099 κουφοτέρους
990 2049 1024 2062 -
1052 2015 1100 2092 (6)
1121 2004 1195 2077 άντὶ
1217 2010 1253 2076 δέ
1277 2015 1345 2077 τών
1365 2007 1476 2096 θωρά-

177 2147 244 2188 κιον
267 2121 454 2208 Κιμμερικὰ
474 2118 609 2204 χιτώνια
629 2117 686 2188 ἰ’σα
701 2124 754 2188 καὶ
778 2118 876 2206 άμοια
889 2108 962 2200 Ιτοῖς
982 2117 1130 2204 θώραξιν
1151 2159 1190 2170 -
1214 2121 1263 2206 (7)
1285 2113 1477 2205 ἀναξυρίδας

177 2233 213 2297 δὲ
246 2235 550 2320 προςσφιχχομένας
575 2239 646 2298 τοῖν
673 2233 803 2298 σκελοῖν
826 2257 881 2312 -;
924 2254 951 2299 c.
974 2235 1028 2297 38:
1058 2222 1221 2309 άκονιίσις
1246 2227 1385 2316 κοάφσις
1409 2231 1474 2296 (λια-

177 2345 339 2426 χρώνται)
374 2344 431 2410 sed
459 2344 568 2410 loricis
597 2344 679 2428 ipsis
704 2349 778 2409 sunt
800 2343 859 2410 usi.
903 2344 978 2408 licet
1003 2342 1195 2408 concludere
1218 2341 1325 2408 iacula
1346 2361 1475 2426 quoque

178 2455 330 2537 graviora
345 2473 393 2536 eq.
410 2455 473 2536 leg,
490 2454 523 2518 iu
540 2453 601 2519 hoc
617 2453 772 2518 exercitio
792 2453 983 2518 adhibuisse
999 2452 1124 2518 similia
1139 2453 1196 2530 cie,
1220 2472 1303 2535 quae
1321 2453 1476 2518 Arrianus

178 2563 211 2628 io
234 2555 448 2629 describendo
468 2583 565 2628 eursu
590 2561 785 2628 Cantabrico
807 2569 1033 2628 commemorat
1055 2562 1092 2642 (o.
1107 2563 1149 2626 40
1171 2561 1257 2644 §lb
1282 2560 1476 2642 διαχρῶνται

178 2671 309 2751 ξυστοῖς
328 2665 470 2754 άάρασιν,
499 2663 668 2756 άσιάὴροις
689 2670 757 2753 μέν,
790 2680 835 2757 τῷ
856 2667 949 2754 βάρει
971 2671 1006 2736 tle*
1029 2661 1106 2735 οάτε
1129 2674 1201 2747 τοῖς
1222 2668 1478 2755 ἐξακοντίζουσιν

179 2773 335 2866 εάφάροις
358 2771 432 2844 οάτε
456 2779 507 2866 ἐφ’
533 2771 590 2858 σάς
611 2779 814 2863 ἐκπέμπεται
838 2773 1028 2858 άκινδάνσις.
1065 2781 1151 2848 uude
1179 2780 1270 2846 vides
1291 2780 1384 2846 ludos
1405 2782 1478 2847 illos
1507 2865 1511 2874 Ι

178 2897 344 2974 equestres
364 2889 420 2970 (de
443 2889 503 2956 bac
526 2910 560 2956 re
582 2892 677 2975 plura
699 2891 759 2956 sub
783 2891 846 2972 Ακ)
867 2890 941 2957 ‘uon
970 2891 1040 2957 sine
1063 2880 1216 2975 perieulo'
1239 2889 1346 2984 fuisse.
1391 2876 1479 2972 quod

176 2989 338 3081 ‘gratiam'
367 2998 531 3064 laudatam
557 3000 598 3065 ab
618 2999 786 3066 Hadriano
806 3001 878 3077 leci,
903 3000 943 3066 ei.
969 3020 995 3064 o.
1019 3000 1060 3063 40
1079 2999 1097 3080 ᾖ
1113 2999 1147 3063 7:
1169 2992 1189 3062 ὅ
1209 3021 1244 3062 τε
1270 2993 1329 3082 γάρ
1350 2993 1478 3074 κτύπος

178 3097 288 3189 άμέλει
309 3101 524 3190 ἐκπληκτικάς
546 3107 600 3172 καὶ
624 3107 642 3170 ά
664 3103 829 3192 ἐξελιγμὸς
851 3107 884 3172 ἐν
902 3109 949 3193 τῷ
972 3107 1090 3192 τοιῷδε
1114 3097 1287 3192 εάσχήμων
1310 3109 1477 3192 φαίνιται;

179 3209 218 3274 cf.
242 3229 268 3273 c.
294 3208 351 3272 34:
387 3205 443 3272 ἐπὶ
466 3204 576 3274 κάλλει
598 3205 657 3288 τὰς
677 3209 814 3292 μελέτας
837 3205 1033 3291 ποιούμενοι
1060 3216 1093 3274 et
1129 3207 1162 3285 ἐς
1190 3203 1316 3296 ἡδονάν.
1360 3211 1478 3291 quibus

178 3319 275 3384 rebus
298 3317 457 3384 efficiatur
483 3320 590 3402 gratia
612 3319 688 3385 vide
710 3339 736 3385 c.
760 3321 809 3384 38.

222 3427 263 3492 de
285 3427 480 3493 iaculatione
495 3429 637 3511 equestri
653 3429 770 3494 librum
792 3450 890 3512 unum
915 3429 949 3494 C.
961 3428 1099 3494 Plinium
1115 3427 1298 3494 Secundum
1324 3427 1479 3493 maiorem

178 3537 248 3620 pari
280 3535 413 3620 iugenio
449 3557 589 3620 curaque
622 3539 850 3624 composuisse,
888 3559 958 3604 cum
993 3538 1177 3621 praelectus
1210 3538 1282 3602 alae
1314 3536 1478 3612 militaret,

178 3645 303 3711 Plinius
323 3647 428 3712 minor
450 3656 678 3714 commemorat
699 3651 796 3733 (epu.
813 3648 871 3728 111,
893 3651 939 3728 5).

107 3754 154 3817 10.
219 3747 342 3836 ‘[aeqae
371 3752 491 3834 foetum
526 3754 627 3820 solum
660 3755 783 3838 loud]o‚
819 3756 897 3838 quio
925 3757 1023 3820 immo
1057 3763 1089 3820 et
1122 3756 1264 3822 animum
1291 3745 1402 3840 probo'
1429 3755 1479 3820 W.

179 3883 251 3928 eum
266 3863 536 3946 comprobaverit
558 3849 955 3946 iuveniri‘bequesolum
981 3913 988 3928 .
1013 3916 1019 3928 .
1044 3913 1050 3928 .
1074 3865 1151 3946 quin
1174 3865 1271 3930 immo
1294 3855 1345 3947 et',
1368 3863 1480 3929 licebit

91 4023 96 4032 .
179 3971 337 4038 dubitare.
381 3991 485 4054 neque
508 3971 613 4038 miuus
633 3964 778 4040 ‘factum'
800 3973 957 4058 displicet.

9 4409 64 4474 Aa
280 4405 467 4489 adloquitur
496 4408 669 4490 imperator
695 4407 764 4474 coh.
779 4409 837 4474 ΙΙΙ
866 4407 1160 4492 Commagenorum,
1189 4406 1326 4492 primum
1356 4406 1480 4491 pedites

182 4513 258 4580 dein
274 4516 415 4597 equites3
438 4515 499 4582 fuit
514 4517 613 4599 igitur
634 4517 780 4600 equitata
795 4517 847 4594 (cl.
863 4517 963 4600 Marq.
981 4518 1023 4596 ΙΙ,
1038 4518 1123 4596 455).
1146 4518 1237 4583 titulo
1260 4518 1364 4582 elucet
1386 4519 1478 4584 mini-

180 4643 267 4688 mum
289 4643 348 4689 sex
371 4625 518 4692 cohortes
541 4625 828 4711 Commageuorum
851 4627 962 4692 fuisse.
997 4628 1055 4706 ΙΙΙ,
1078 4627 1133 4699 IV,
1155 4627 1182 4690 V
1204 4625 1311 4692 adhuc
1332 4634 1480 4711 repertae

180 4751 246 4798 non
267 4740 341 4798 suut
361 4734 605 4820 (Hasseucamp²
628 4736 669 4802 de
687 4737 756 4803 coh.
780 4737 871 4806 Rom.
895 4756 968 4802 aux.
993 4757 1023 4820 p.
1046 4737 1111 4817 38).
