<?xml version="1.0" encoding="UTF-8"?>
<!DOCTYPE html PUBLIC "-//W3C//DTD XHTML 1.0 Transitional//EN"
    "http://www.w3.org/TR/xhtml1/DTD/xhtml1-transitional.dtd">
<html xmlns="http://www.w3.org/1999/xhtml" xml:lang="en" lang="en">
 <head>
  <title>
</title>
<meta http-equiv="Content-Type" content="text/html;charset=utf-8" />
  <meta name='ocr-system' content='tesseract 3.04.00' />
  <meta name='ocr-capabilities' content='ocr_page ocr_carea ocr_par ocr_line ocrx_word'/>
</head>
<body>
  <div class='ocr_page' id='page_1' title='image "./hadrianireliqui00dehngoog_0024.png"; bbox 0 0 3576 5536; ppageno 0'>
   <div class='ocr_carea' id='block_1_1' title="bbox 726 403 931 502">
    <p class='ocr_par' dir='ltr' id='par_1_1' title="bbox 726 403 931 502">
     <span class='ocr_line' id='line_1_1' title="bbox 726 403 931 502; baseline 0.005 -19"><span class='ocrx_word' id='word_1_1' title='bbox 726 403 931 502; x_wconf 54' lang='lat'>..194</span> 
     </span>
    </p>
   </div>
   <div class='ocr_carea' id='block_1_2' title="bbox 110 616 1572 4866">
    <p class='ocr_par' dir='ltr' id='par_1_2' title="bbox 178 616 1484 1476">
     <span class='ocr_line' id='line_1_2' title="bbox 179 616 1481 712; baseline -0.003 -20"><span class='ocrx_word' id='word_1_2' title='bbox 179 626 218 692; x_wconf 84' lang='lat' dir='ltr'>cf.</span> <span class='ocrx_word' id='word_1_3' title='bbox 252 626 321 691; x_wconf 85' lang='lat' dir='ltr'>Arr.</span> <span class='ocrx_word' id='word_1_4' title='bbox 355 645 381 692; x_wconf 92' lang='lat' dir='ltr'>c.</span> <span class='ocrx_word' id='word_1_5' title='bbox 404 625 446 690; x_wconf 88' lang='grc'>34</span> <span class='ocrx_word' id='word_1_6' title='bbox 478 624 497 706; x_wconf 63' lang='grc' dir='ltr'><strong>ἕ</strong></span> <span class='ocrx_word' id='word_1_7' title='bbox 527 626 563 688; x_wconf 83' lang='lat'>2:</span> <span class='ocrx_word' id='word_1_8' title='bbox 604 616 700 688; x_wconf 79' lang='lat' dir='ltr'>edroi</span> <span class='ocrx_word' id='word_1_9' title='bbox 726 621 763 688; x_wconf 79' lang='grc' dir='ltr'>δὲ</span> <span class='ocrx_word' id='word_1_10' title='bbox 793 619 994 708; x_wconf 80' lang='grc' dir='ltr'><strong><em>ὠπλισμένοι</em></strong></span> <span class='ocrx_word' id='word_1_11' title='bbox 1029 625 1164 706; x_wconf 85' lang='grc' dir='ltr'><strong><em>παριάσι</em></strong></span> <span class='ocrx_word' id='word_1_12' title='bbox 1196 620 1304 712; x_wconf 85' lang='lat' dir='ltr'>[immo</span> <span class='ocrx_word' id='word_1_13' title='bbox 1333 616 1481 710; x_wconf 73' lang='lat' dir='ltr'>mopinot]</span> 
     </span>
     <span class='ocr_line' id='line_1_3' title="bbox 179 725 1483 820; baseline -0.003 -22"><span class='ocrx_word' id='word_1_14' title='bbox 179 730 306 817; x_wconf 78' lang='grc' dir='ltr'><strong><em>κράνεσι</em></strong></span> <span class='ocrx_word' id='word_1_15' title='bbox 340 732 399 815; x_wconf 84' lang='grc' dir='ltr'>μὲν</span> <span class='ocrx_word' id='word_1_16' title='bbox 431 733 579 817; x_wconf 79' lang='grc' dir='ltr'><strong><em>σιδηροῖς</em></strong></span> <span class='ocrx_word' id='word_1_17' title='bbox 618 726 638 820; x_wconf 77' lang='grc' dir='ltr'>ἢ</span> <span class='ocrx_word' id='word_1_18' title='bbox 672 732 805 813; x_wconf 80' lang='grc' dir='ltr'><strong><em>χαλκοῖς</em></strong></span> <span class='ocrx_word' id='word_1_19' title='bbox 839 732 1106 818; x_wconf 78' lang='grc' dir='ltr'><em>κεχρυσωμένοις,</em></span> <span class='ocrx_word' id='word_1_20' title='bbox 1139 728 1212 799; x_wconf 80' lang='grc' dir='ltr'><strong><em>ὅσοι</em></strong></span> <span class='ocrx_word' id='word_1_21' title='bbox 1246 733 1313 796; x_wconf 86' lang='grc' dir='ltr'><strong><em>κατ’</em></strong></span> <span class='ocrx_word' id='word_1_22' title='bbox 1348 725 1483 814; x_wconf 84' lang='grc' dir='ltr'><strong><em>άξίωσιν</em></strong></span> 
     </span>
     <span class='ocr_line' id='line_1_4' title="bbox 178 835 1481 930; baseline -0.002 -22"><span class='ocrx_word' id='word_1_23' title='bbox 178 836 288 908; x_wconf 84' lang='grc' dir='ltr'><strong><em>αάτῶν</em></strong></span> <span class='ocrx_word' id='word_1_24' title='bbox 310 843 508 926; x_wconf 86' lang='grc' dir='ltr'><strong><em>διαπρεπεῖς</em></strong></span> <span class='ocrx_word' id='word_1_25' title='bbox 531 835 558 926; x_wconf 75' lang='grc' dir='ltr'><em>ἢ</em></span> <span class='ocrx_word' id='word_1_26' title='bbox 576 842 652 907; x_wconf 66' lang='grc' dir='ltr'><strong><em>καθ’</em></strong></span> <span class='ocrx_word' id='word_1_27' title='bbox 680 837 822 928; x_wconf 71' lang='grc' dir='ltr'><strong><em>ἱππικήν</em></strong></span> <span class='ocrx_word' id='word_1_28' title='bbox 849 842 1069 930; x_wconf 86' lang='grc' dir='ltr'><strong><em>διαφέροντες,</em></strong></span> <span class='ocrx_word' id='word_1_29' title='bbox 1104 842 1149 920; x_wconf 86' lang='grc' dir='ltr'><strong><em>ῶς</em></strong></span> <span class='ocrx_word' id='word_1_30' title='bbox 1178 842 1231 906; x_wconf 84' lang='grc' dir='ltr'>καὶ</span> <span class='ocrx_word' id='word_1_31' title='bbox 1253 835 1341 928; x_wconf 73' lang='grc' dir='ltr'><strong><em>αὐτῷ</em></strong></span> <span class='ocrx_word' id='word_1_32' title='bbox 1374 837 1481 926; x_wconf 74' lang='grc' dir='ltr'><strong><em>τούτῳ</em></strong></span> 
     </span>
     <span class='ocr_line' id='line_1_5' title="bbox 179 942 1482 1038; baseline -0.002 -18"><span class='ocrx_word' id='word_1_33' title='bbox 179 947 312 1038; x_wconf 79' lang='grc' dir='ltr'><strong><em>ἐπάγειν</em></strong></span> <span class='ocrx_word' id='word_1_34' title='bbox 329 951 397 1038; x_wconf 48' lang='grc' dir='ltr'>Ἰἐπὶ</span> <span class='ocrx_word' id='word_1_35' title='bbox 428 953 515 1038; x_wconf 79' lang='grc' dir='ltr'><strong><em>σφᾶς</em></strong></span> <span class='ocrx_word' id='word_1_36' title='bbox 541 951 608 1016; x_wconf 90' lang='grc' dir='ltr'>τῶν</span> <span class='ocrx_word' id='word_1_37' title='bbox 637 951 819 1035; x_wconf 73' lang='grc' dir='ltr'><em>θεωμένων</em></span> <span class='ocrx_word' id='word_1_38' title='bbox 847 947 905 1031; x_wconf 86' lang='grc' dir='ltr'><strong><em>τάς</em></strong></span> <span class='ocrx_word' id='word_1_39' title='bbox 935 942 1033 1036; x_wconf 81' lang='grc' dir='ltr'><strong><em>δψεις</em></strong></span> <span class='ocrx_word' id='word_1_40' title='bbox 1058 952 1125 1018; x_wconf 93' lang='grc' dir='ltr'><strong><em>κτλ.</em></strong></span> <span class='ocrx_word' id='word_1_41' title='bbox 1157 953 1276 1034; x_wconf 77' lang='lat' dir='ltr'>(errore</span> <span class='ocrx_word' id='word_1_42' title='bbox 1301 973 1372 1018; x_wconf 83' lang='lat' dir='ltr'>eam</span> <span class='ocrx_word' id='word_1_43' title='bbox 1399 971 1482 1035; x_wconf 86' lang='lat' dir='ltr'>quae</span> 
     </span>
     <span class='ocr_line' id='line_1_6' title="bbox 180 1061 1481 1146; baseline -0.004 -17"><span class='ocrx_word' id='word_1_44' title='bbox 180 1063 282 1129; x_wconf 91' lang='lat' dir='ltr'>solum</span> <span class='ocrx_word' id='word_1_45' title='bbox 316 1063 350 1127; x_wconf 92' lang='lat' dir='ltr'>in</span> <span class='ocrx_word' id='word_1_46' title='bbox 384 1061 448 1127; x_wconf 90' lang='lat' dir='ltr'>illis</span> <span class='ocrx_word' id='word_1_47' title='bbox 482 1062 767 1128; x_wconf 74' lang='lat' dir='ltr'>exercitationibus</span> <span class='ocrx_word' id='word_1_48' title='bbox 805 1061 1022 1129; x_wconf 77' lang='lat' dir='ltr'>adhibebatur</span> <span class='ocrx_word' id='word_1_49' title='bbox 1052 1068 1247 1128; x_wconf 87' lang='lat' dir='ltr'>armaturam</span> <span class='ocrx_word' id='word_1_50' title='bbox 1281 1063 1336 1140; x_wconf 89' lang='lat' dir='ltr'>[cf.</span> <span class='ocrx_word' id='word_1_51' title='bbox 1367 1081 1397 1146; x_wconf 88' lang='lat' dir='ltr'>p.</span> <span class='ocrx_word' id='word_1_52' title='bbox 1428 1062 1481 1138; x_wconf 87' lang='lat'>15]</span> 
     </span>
     <span class='ocr_line' id='line_1_7' title="bbox 180 1170 1481 1255; baseline -0.004 -18"><span class='ocrx_word' id='word_1_53' title='bbox 180 1170 369 1255; x_wconf 86' lang='lat' dir='ltr'>Marquardt</span> <span class='ocrx_word' id='word_1_54' title='bbox 388 1171 518 1255; x_wconf 87' lang='lat' dir='ltr'>putavit</span> <span class='ocrx_word' id='word_1_55' title='bbox 533 1191 732 1238; x_wconf 88' lang='lat' dir='ltr'>communem</span> <span class='ocrx_word' id='word_1_56' title='bbox 753 1171 857 1238; x_wconf 88' lang='lat' dir='ltr'>fuisse</span> <span class='ocrx_word' id='word_1_57' title='bbox 879 1192 918 1237; x_wconf 88' lang='lat' dir='ltr'>ac</span> <span class='ocrx_word' id='word_1_58' title='bbox 941 1172 1070 1237; x_wconf 84' lang='lat' dir='ltr'>solitam</span> <span class='ocrx_word' id='word_1_59' title='bbox 1094 1171 1225 1252; x_wconf 84' lang='grc'><strong>11456)</strong></span> <span class='ocrx_word' id='word_1_60' title='bbox 1247 1207 1288 1216; x_wconf 93' lang='grc'>-</span> <span class='ocrx_word' id='word_1_61' title='bbox 1310 1191 1336 1236; x_wconf 90' lang='lat' dir='ltr'>c.</span> <span class='ocrx_word' id='word_1_62' title='bbox 1352 1171 1392 1234; x_wconf 82' lang='lat'>35</span> <span class='ocrx_word' id='word_1_63' title='bbox 1415 1171 1481 1244; x_wconf 74' lang='lat' dir='ltr'>§lt</span> 
     </span>
     <span class='ocr_line' id='line_1_8' title="bbox 180 1272 1484 1367; baseline 0 -25"><span class='ocrx_word' id='word_1_64' title='bbox 180 1277 396 1362; x_wconf 84' lang='grc' dir='ltr'><strong><em>πρῶτονμὲν</em></strong></span> <span class='ocrx_word' id='word_1_65' title='bbox 418 1272 457 1367; x_wconf 74' lang='grc' dir='ltr'>δὴ</span> <span class='ocrx_word' id='word_1_66' title='bbox 480 1273 591 1354; x_wconf 74' lang='grc' dir='ltr'><strong><em>ἔλασις</em></strong></span> <span class='ocrx_word' id='word_1_67' title='bbox 613 1279 726 1354; x_wconf 83' lang='grc' dir='ltr'><strong><em>αὐτοῖς</em></strong></span> <span class='ocrx_word' id='word_1_68' title='bbox 748 1277 781 1356; x_wconf 78' lang='grc' dir='ltr'><strong><em>ἐς</em></strong></span> <span class='ocrx_word' id='word_1_69' title='bbox 802 1273 840 1343; x_wconf 89' lang='grc' dir='ltr'>τδ</span> <span class='ocrx_word' id='word_1_70' title='bbox 863 1277 1140 1363; x_wconf 77' lang='grc' dir='ltr'><em>ἀποδεδειγμένον</em></span> <span class='ocrx_word' id='word_1_71' title='bbox 1160 1279 1278 1344; x_wconf 86' lang='grc' dir='ltr'><strong><em>πεδίον</em></strong></span> <span class='ocrx_word' id='word_1_72' title='bbox 1298 1279 1416 1363; x_wconf 82' lang='grc' dir='ltr'><strong><em>γίνεται</em></strong></span> <span class='ocrx_word' id='word_1_73' title='bbox 1438 1272 1484 1355; x_wconf 86' lang='grc' dir='ltr'><strong><em>ῶς</em></strong></span> 
     </span>
     <span class='ocr_line' id='line_1_9' title="bbox 181 1379 1146 1476; baseline 0.001 -24"><span class='ocrx_word' id='word_1_74' title='bbox 181 1386 450 1471; x_wconf 76' lang='grc' dir='ltr'>διαπρεπέστατα</span> <span class='ocrx_word' id='word_1_75' title='bbox 473 1385 506 1464; x_wconf 84' lang='grc' dir='ltr'>ές</span> <span class='ocrx_word' id='word_1_76' title='bbox 528 1387 644 1464; x_wconf 87' lang='grc' dir='ltr'><strong><em>κάλλος</em></strong></span> <span class='ocrx_word' id='word_1_77' title='bbox 664 1387 718 1452; x_wconf 82' lang='grc' dir='ltr'>καὶ</span> <span class='ocrx_word' id='word_1_78' title='bbox 740 1387 954 1474; x_wconf 76' lang='grc' dir='ltr'><strong><em>λαμπρότητα</em></strong></span> <span class='ocrx_word' id='word_1_79' title='bbox 975 1379 1146 1476; x_wconf 77' lang='grc' dir='ltr'><strong><em>ἠσκημένη.</em></strong></span> 
     </span>
    </p>

    <p class='ocr_par' dir='ltr' id='par_1_3' title="bbox 130 1489 1484 1804">
     <span class='ocr_line' id='line_1_10' title="bbox 130 1489 1482 1582; baseline 0.002 -22"><span class='ocrx_word' id='word_1_80' title='bbox 130 1498 158 1560; x_wconf 87' lang='lat'>8.</span> <span class='ocrx_word' id='word_1_81' title='bbox 221 1491 292 1580; x_wconf 87' lang='lat' dir='ltr'>‘pro</span> <span class='ocrx_word' id='word_1_82' title='bbox 311 1498 452 1582; x_wconf 82' lang='lat' dir='ltr'>stipendi</span> <span class='ocrx_word' id='word_1_83' title='bbox 465 1489 582 1564; x_wconf 85' lang='lat' dir='ltr'>modo’</span> <span class='ocrx_word' id='word_1_84' title='bbox 604 1500 708 1564; x_wconf 89' lang='lat' dir='ltr'>maius</span> <span class='ocrx_word' id='word_1_85' title='bbox 724 1497 923 1582; x_wconf 84' lang='lat' dir='ltr'>stipendium</span> <span class='ocrx_word' id='word_1_86' title='bbox 942 1500 1068 1581; x_wconf 87' lang='lat' dir='ltr'>equites</span> <span class='ocrx_word' id='word_1_87' title='bbox 1083 1501 1189 1565; x_wconf 89' lang='lat' dir='ltr'>alares</span> <span class='ocrx_word' id='word_1_88' title='bbox 1203 1499 1371 1582; x_wconf 89' lang='lat' dir='ltr'>accepisse</span> <span class='ocrx_word' id='word_1_89' title='bbox 1388 1519 1482 1582; x_wconf 86' lang='lat' dir='ltr'>quam</span> 
     </span>
     <span class='ocr_line' id='line_1_11' title="bbox 183 1606 1484 1690; baseline 0.001 -17"><span class='ocrx_word' id='word_1_90' title='bbox 183 1607 363 1674; x_wconf 80' lang='lat' dir='ltr'>cohortales</span> <span class='ocrx_word' id='word_1_91' title='bbox 387 1609 456 1674; x_wconf 89' lang='lat' dir='ltr'>iure</span> <span class='ocrx_word' id='word_1_92' title='bbox 480 1607 717 1673; x_wconf 74' lang='lat' dir='ltr'>concludemus.</span> <span class='ocrx_word' id='word_1_93' title='bbox 763 1627 803 1672; x_wconf 86' lang='lat' dir='ltr'>ex</span> <span class='ocrx_word' id='word_1_94' title='bbox 822 1606 994 1690; x_wconf 82' lang='lat' dir='ltr'>¹stipendio</span> <span class='ocrx_word' id='word_1_95' title='bbox 1016 1607 1167 1674; x_wconf 86' lang='lat' dir='ltr'>videntur</span> <span class='ocrx_word' id='word_1_96' title='bbox 1190 1608 1366 1675; x_wconf 85' lang='lat' dir='ltr'>redemisse</span> <span class='ocrx_word' id='word_1_97' title='bbox 1393 1628 1484 1674; x_wconf 87' lang='lat' dir='ltr'>arma</span> 
     </span>
     <span class='ocr_line' id='line_1_12' title="bbox 184 1716 1371 1804; baseline 0 -22"><span class='ocrx_word' id='word_1_98' title='bbox 184 1723 216 1782; x_wconf 88' lang='lat' dir='ltr'>et</span> <span class='ocrx_word' id='word_1_99' title='bbox 238 1736 337 1800; x_wconf 87' lang='lat' dir='ltr'>equos</span> <span class='ocrx_word' id='word_1_100' title='bbox 359 1717 412 1796; x_wconf 86' lang='lat' dir='ltr'>(cf.</span> <span class='ocrx_word' id='word_1_101' title='bbox 440 1716 551 1800; x_wconf 82' lang='lat' dir='ltr'>Lange</span> <span class='ocrx_word' id='word_1_102' title='bbox 577 1717 687 1782; x_wconf 87' lang='lat' dir='ltr'>histor.</span> <span class='ocrx_word' id='word_1_103' title='bbox 712 1724 788 1783; x_wconf 88' lang='lat' dir='ltr'>mut.</span> <span class='ocrx_word' id='word_1_104' title='bbox 813 1719 858 1782; x_wconf 87' lang='lat' dir='ltr'>rei</span> <span class='ocrx_word' id='word_1_105' title='bbox 881 1718 948 1782; x_wconf 91' lang='lat' dir='ltr'>mil.</span> <span class='ocrx_word' id='word_1_106' title='bbox 973 1737 1003 1801; x_wconf 91' lang='lat' dir='ltr'>p.</span> <span class='ocrx_word' id='word_1_107' title='bbox 1027 1716 1091 1796; x_wconf 85' lang='lat'>39).</span> <span class='ocrx_word' id='word_1_108' title='bbox 1364 1791 1371 1804; x_wconf 32' lang='lat'>¹</span> 
     </span>
    </p>

    <p class='ocr_par' dir='ltr' id='par_1_4' title="bbox 129 1815 1485 2238">
     <span class='ocr_line' id='line_1_13' title="bbox 129 1815 1485 1910; baseline 0.004 -24"><span class='ocrx_word' id='word_1_109' title='bbox 129 1824 159 1886; x_wconf 85' lang='lat'>9.</span> <span class='ocrx_word' id='word_1_110' title='bbox 221 1815 363 1892; x_wconf 80' lang='lat' dir='ltr'>‘calore&#39;</span> <span class='ocrx_word' id='word_1_111' title='bbox 386 1827 424 1892; x_wconf 81' lang='lat' dir='ltr'>cl.</span> <span class='ocrx_word' id='word_1_112' title='bbox 444 1827 502 1892; x_wconf 87' lang='lat' dir='ltr'>Sil.</span> <span class='ocrx_word' id='word_1_113' title='bbox 524 1827 549 1902; x_wconf 88' lang='grc' dir='ltr'>Ι,</span> <span class='ocrx_word' id='word_1_114' title='bbox 572 1827 633 1890; x_wconf 82' lang='grc'>549</span> <span class='ocrx_word' id='word_1_115' title='bbox 657 1827 705 1906; x_wconf 83' lang='lat' dir='ltr'>(in</span> <span class='ocrx_word' id='word_1_116' title='bbox 722 1826 825 1893; x_wconf 86' lang='lat' dir='ltr'>Marte</span> <span class='ocrx_word' id='word_1_117' title='bbox 842 1827 988 1906; x_wconf 86' lang='lat' dir='ltr'>calores).</span> <span class='ocrx_word' id='word_1_118' title='bbox 1013 1861 1050 1871; x_wconf 88' lang='lat'>-</span> <span class='ocrx_word' id='word_1_119' title='bbox 1073 1817 1233 1894; x_wconf 85' lang='lat' dir='ltr'>‘vitastis&#39;</span> <span class='ocrx_word' id='word_1_120' title='bbox 1256 1827 1376 1892; x_wconf 87' lang='lat' dir='ltr'>dixerit</span> <span class='ocrx_word' id='word_1_121' title='bbox 1394 1828 1485 1910; x_wconf 89' lang='lat' dir='ltr'>quis-</span> 
     </span>
     <span class='ocr_line' id='line_1_14' title="bbox 183 1935 1485 2022; baseline 0.001 -21"><span class='ocrx_word' id='word_1_122' title='bbox 183 1937 272 2018; x_wconf 87' lang='lat' dir='ltr'>piam</span> <span class='ocrx_word' id='word_1_123' title='bbox 301 1936 427 2018; x_wconf 90' lang='lat' dir='ltr'>equites</span> <span class='ocrx_word' id='word_1_124' title='bbox 452 1956 516 2001; x_wconf 93' lang='lat' dir='ltr'>non</span> <span class='ocrx_word' id='word_1_125' title='bbox 547 1935 703 2003; x_wconf 86' lang='lat' dir='ltr'>vitavisse</span> <span class='ocrx_word' id='word_1_126' title='bbox 736 1937 905 2004; x_wconf 80' lang='lat' dir='ltr'>fastidium</span> <span class='ocrx_word' id='word_1_127' title='bbox 926 1937 1084 2004; x_wconf 89' lang='lat' dir='ltr'>Hadriani</span> <span class='ocrx_word' id='word_1_128' title='bbox 1116 1942 1191 2022; x_wconf 89' lang='lat' dir='ltr'>post</span> <span class='ocrx_word' id='word_1_129' title='bbox 1221 1939 1326 2002; x_wconf 87' lang='lat' dir='ltr'>alares</span> <span class='ocrx_word' id='word_1_130' title='bbox 1360 1937 1485 2020; x_wconf 88' lang='lat' dir='ltr'>equites</span> 
     </span>
     <span class='ocr_line' id='line_1_15' title="bbox 183 2045 1485 2135; baseline -0.001 -25"><span class='ocrx_word' id='word_1_131' title='bbox 183 2047 360 2129; x_wconf 89' lang='lat' dir='ltr'>spectantis</span> <span class='ocrx_word' id='word_1_132' title='bbox 384 2045 564 2111; x_wconf 89' lang='lat' dir='ltr'>cohortales</span> <span class='ocrx_word' id='word_1_133' title='bbox 587 2046 644 2112; x_wconf 88' lang='lat' dir='ltr'>sed</span> <span class='ocrx_word' id='word_1_134' title='bbox 667 2047 775 2130; x_wconf 92' lang='lat' dir='ltr'>potius</span> <span class='ocrx_word' id='word_1_135' title='bbox 804 2048 969 2132; x_wconf 89' lang='lat' dir='ltr'>pepulisse</span> <span class='ocrx_word' id='word_1_136' title='bbox 992 2047 1186 2135; x_wconf 82' lang='lat' dir='ltr'>excussisse,</span> <span class='ocrx_word' id='word_1_137' title='bbox 1215 2047 1321 2112; x_wconf 89' lang='lat' dir='ltr'>simile</span> <span class='ocrx_word' id='word_1_138' title='bbox 1342 2047 1485 2112; x_wconf 87' lang='lat' dir='ltr'>verbum.</span> 
     </span>
     <span class='ocr_line' id='line_1_16' title="bbox 183 2148 1420 2238; baseline -0.001 -18"><span class='ocrx_word' id='word_1_139' title='bbox 183 2155 322 2238; x_wconf 85' lang='lat' dir='ltr'>perbene</span> <span class='ocrx_word' id='word_1_140' title='bbox 346 2153 584 2238; x_wconf 81' lang='lat' dir='ltr'>Eyssenhardt:</span> <span class='ocrx_word' id='word_1_141' title='bbox 605 2148 669 2219; x_wconf 86' lang='lat' dir='ltr'>‘ihr</span> <span class='ocrx_word' id='word_1_142' title='bbox 690 2154 770 2220; x_wconf 88' lang='lat' dir='ltr'>habt</span> <span class='ocrx_word' id='word_1_143' title='bbox 792 2155 846 2220; x_wconf 93' lang='lat' dir='ltr'>die</span> <span class='ocrx_word' id='word_1_144' title='bbox 869 2155 945 2238; x_wconf 90' lang='lat' dir='ltr'>qual</span> <span class='ocrx_word' id='word_1_145' title='bbox 968 2155 1026 2221; x_wconf 90' lang='lat' dir='ltr'>der</span> <span class='ocrx_word' id='word_1_146' title='bbox 1048 2155 1133 2221; x_wconf 82' lang='lat' dir='ltr'>bitae</span> <span class='ocrx_word' id='word_1_147' title='bbox 1156 2155 1420 2222; x_wconf 87' lang='lat' dir='ltr'>ueberwunden&#39;l</span> 
     </span>
    </p>

    <p class='ocr_par' dir='ltr' id='par_1_5' title="bbox 114 2255 1486 2877">
     <span class='ocr_line' id='line_1_17' title="bbox 114 2255 1486 2349; baseline -0.001 -19"><span class='ocrx_word' id='word_1_148' title='bbox 114 2261 161 2322; x_wconf 83' lang='lat'>10·</span> <span class='ocrx_word' id='word_1_149' title='bbox 226 2263 420 2348; x_wconf 69' lang='lat' dir='ltr'>‘addidistis</span> <span class='ocrx_word' id='word_1_150' title='bbox 448 2273 483 2329; x_wconf 90' lang='lat' dir='ltr'>ut</span> <span class='ocrx_word' id='word_1_151' title='bbox 505 2271 537 2329; x_wconf 89' lang='lat' dir='ltr'>et</span> <span class='ocrx_word' id='word_1_152' title='bbox 558 2263 684 2348; x_wconf 89' lang='lat' dir='ltr'>lapides</span> <span class='ocrx_word' id='word_1_153' title='bbox 700 2264 810 2330; x_wconf 86' lang='lat' dir='ltr'>fundis</span> <span class='ocrx_word' id='word_1_154' title='bbox 826 2255 1018 2330; x_wconf 71' lang='lat' dir='ltr'>mitteretis.³</span> <span class='ocrx_word' id='word_1_155' title='bbox 1045 2264 1106 2330; x_wconf 94' lang='lat' dir='ltr'>hoc</span> <span class='ocrx_word' id='word_1_156' title='bbox 1120 2264 1284 2349; x_wconf 92' lang='lat' dir='ltr'>proprium</span> <span class='ocrx_word' id='word_1_157' title='bbox 1299 2272 1368 2330; x_wconf 88' lang='lat' dir='ltr'>erat</span> <span class='ocrx_word' id='word_1_158' title='bbox 1383 2265 1486 2331; x_wconf 87' lang='lat' dir='ltr'>fundi-</span> 
     </span>
     <span class='ocr_line' id='line_1_18' title="bbox 182 2373 1483 2456; baseline 0.002 -18"><span class='ocrx_word' id='word_1_159' title='bbox 182 2379 286 2440; x_wconf 92' lang='lat' dir='ltr'>torum</span> <span class='ocrx_word' id='word_1_160' title='bbox 311 2380 343 2438; x_wconf 90' lang='lat' dir='ltr'>et</span> <span class='ocrx_word' id='word_1_161' title='bbox 367 2373 519 2439; x_wconf 88' lang='lat' dir='ltr'>abhorret</span> <span class='ocrx_word' id='word_1_162' title='bbox 548 2373 590 2439; x_wconf 93' lang='lat' dir='ltr'>ab</span> <span class='ocrx_word' id='word_1_163' title='bbox 613 2373 785 2456; x_wconf 88' lang='lat' dir='ltr'>equitibus.</span> <span class='ocrx_word' id='word_1_164' title='bbox 829 2373 958 2440; x_wconf 89' lang='lat' dir='ltr'>videtur</span> <span class='ocrx_word' id='word_1_165' title='bbox 979 2373 1165 2440; x_wconf 88' lang='lat' dir='ltr'>Hadrianus</span> <span class='ocrx_word' id='word_1_166' title='bbox 1195 2375 1230 2440; x_wconf 91' lang='lat' dir='ltr'>id</span> <span class='ocrx_word' id='word_1_167' title='bbox 1252 2395 1397 2441; x_wconf 91' lang='lat' dir='ltr'>novasse.</span> <span class='ocrx_word' id='word_1_168' title='bbox 1442 2376 1483 2440; x_wconf 89' lang='lat' dir='ltr'>cf.</span> 
     </span>
     <span class='ocr_line' id='line_1_19' title="bbox 183 2474 1485 2570; baseline 0.001 -24"><span class='ocrx_word' id='word_1_169' title='bbox 183 2483 253 2547; x_wconf 77' lang='lat' dir='ltr'>Aur.</span> <span class='ocrx_word' id='word_1_170' title='bbox 276 2503 305 2548; x_wconf 84' lang='lat' dir='ltr'>a.</span> <span class='ocrx_word' id='word_1_171' title='bbox 328 2489 401 2548; x_wconf 80' lang='lat' dir='ltr'>lact.</span> <span class='ocrx_word' id='word_1_172' title='bbox 432 2503 457 2547; x_wconf 83' lang='lat' dir='ltr'>c.</span> <span class='ocrx_word' id='word_1_173' title='bbox 480 2485 537 2547; x_wconf 82' lang='lat'>43:</span> <span class='ocrx_word' id='word_1_174' title='bbox 572 2481 628 2546; x_wconf 81' lang='grc' dir='ltr'>ε’πὶ</span> <span class='ocrx_word' id='word_1_175' title='bbox 656 2477 763 2569; x_wconf 80' lang='grc' dir='ltr'><strong><em>τούτῳ</em></strong></span> <span class='ocrx_word' id='word_1_176' title='bbox 793 2483 903 2564; x_wconf 84' lang='grc' dir='ltr'><strong><em>μέντοι</em></strong></span> <span class='ocrx_word' id='word_1_177' title='bbox 927 2474 987 2570; x_wconf 79' lang='grc' dir='ltr'>ἤδη</span> <span class='ocrx_word' id='word_1_178' title='bbox 1017 2476 1225 2569; x_wconf 86' lang='grc' dir='ltr'><strong><em>πολάτροποι</em></strong></span> <span class='ocrx_word' id='word_1_179' title='bbox 1258 2483 1485 2566; x_wconf 80' lang='grc' dir='ltr'>ἐξακοντισμοὶ</span> 
     </span>
     <span class='ocr_line' id='line_1_20' title="bbox 183 2584 1485 2678; baseline 0.003 -24"><span class='ocrx_word' id='word_1_180' title='bbox 183 2589 342 2676; x_wconf 79' lang='grc' dir='ltr'><strong><em>μέμνανται</em></strong></span> <span class='ocrx_word' id='word_1_181' title='bbox 370 2586 391 2676; x_wconf 78' lang='grc' dir='ltr'>ἢ</span> <span class='ocrx_word' id='word_1_182' title='bbox 417 2587 551 2678; x_wconf 80' lang='grc' dir='ltr'><em>κούφων</em></span> <span class='ocrx_word' id='word_1_183' title='bbox 582 2591 713 2656; x_wconf 82' lang='grc' dir='ltr'><strong><em>πελτῶν</em></strong></span> <span class='ocrx_word' id='word_1_184' title='bbox 740 2585 764 2676; x_wconf 75' lang='grc' dir='ltr'><em>ἢ</em></span> <span class='ocrx_word' id='word_1_185' title='bbox 789 2591 843 2656; x_wconf 82' lang='grc' dir='ltr'>καὶ</span> <span class='ocrx_word' id='word_1_186' title='bbox 867 2591 974 2672; x_wconf 76' lang='grc' dir='ltr'><strong><em>βελῶν</em></strong></span> <span class='ocrx_word' id='word_1_187' title='bbox 1000 2592 1057 2657; x_wconf 86' lang='grc' dir='ltr'>οὐκ</span> <span class='ocrx_word' id='word_1_188' title='bbox 1080 2584 1148 2656; x_wconf 90' lang='grc' dir='ltr'>άπδ</span> <span class='ocrx_word' id='word_1_189' title='bbox 1174 2589 1271 2673; x_wconf 80' lang='grc' dir='ltr'><strong><em>τόξον</em></strong></span> <span class='ocrx_word' id='word_1_190' title='bbox 1298 2593 1425 2658; x_wconf 85' lang='grc' dir='ltr'><strong><em>τούτων</em></strong></span> <span class='ocrx_word' id='word_1_191' title='bbox 1450 2617 1485 2678; x_wconf 81' lang='grc' dir='ltr'>με</span> 
     </span>
     <span class='ocr_line' id='line_1_21' title="bbox 183 2692 1484 2790; baseline 0.003 -26"><span class='ocrx_word' id='word_1_192' title='bbox 183 2692 250 2765; x_wconf 85' lang='grc' dir='ltr'><strong><em>άλλ’</em></strong></span> <span class='ocrx_word' id='word_1_193' title='bbox 274 2696 342 2766; x_wconf 88' lang='grc' dir='ltr'>άπδ</span> <span class='ocrx_word' id='word_1_194' title='bbox 365 2702 507 2788; x_wconf 79' lang='grc' dir='ltr'>μηχανῆς</span> <span class='ocrx_word' id='word_1_195' title='bbox 532 2701 719 2788; x_wconf 80' lang='grc' dir='ltr'><em>ἀφιεμένων</em></span> <span class='ocrx_word' id='word_1_196' title='bbox 740 2695 761 2787; x_wconf 78' lang='grc' dir='ltr'>ἢ</span> <span class='ocrx_word' id='word_1_197' title='bbox 782 2699 890 2766; x_wconf 66' lang='grc' dir='ltr'><strong><em>λίθων</em></strong></span> <span class='ocrx_word' id='word_1_198' title='bbox 916 2700 951 2766; x_wconf 81' lang='grc' dir='ltr'>ἐκ</span> <span class='ocrx_word' id='word_1_199' title='bbox 971 2702 1080 2783; x_wconf 83' lang='grc' dir='ltr'><strong><em>χειρὸς</em></strong></span> <span class='ocrx_word' id='word_1_200' title='bbox 1110 2694 1129 2788; x_wconf 79' lang='grc' dir='ltr'>ἢ</span> <span class='ocrx_word' id='word_1_201' title='bbox 1157 2700 1191 2766; x_wconf 78' lang='grc' dir='ltr'>ἐκ</span> <span class='ocrx_word' id='word_1_202' title='bbox 1218 2697 1400 2790; x_wconf 85' lang='grc' dir='ltr'><strong><em>σφενδόνης</em></strong></span> <span class='ocrx_word' id='word_1_203' title='bbox 1429 2702 1484 2768; x_wconf 82' lang='grc' dir='ltr'><strong><em>ε’πὶ</em></strong></span> 
     </span>
     <span class='ocr_line' id='line_1_22' title="bbox 183 2835 399 2877; baseline 0.005 -2"><span class='ocrx_word' id='word_1_204' title='bbox 183 2835 242 2877; x_wconf 67' lang='grc' dir='ltr'>ΐθῖ</span> <span class='ocrx_word' id='word_1_205' title='bbox 263 2835 399 2876; x_wconf 66' lang='grc' dir='ltr'><strong><em>σκθπθῖ.</em></strong></span> 
     </span>
    </p>

    <p class='ocr_par' dir='ltr' id='par_1_6' title="bbox 110 2914 1572 3440">
     <span class='ocr_line' id='line_1_23' title="bbox 110 2914 1483 3008; baseline 0.004 -26"><span class='ocrx_word' id='word_1_206' title='bbox 110 2919 160 2982; x_wconf 92' lang='grc'>11.</span> <span class='ocrx_word' id='word_1_207' title='bbox 222 2915 380 2987; x_wconf 84' lang='lat' dir='ltr'>‘saluistis</span> <span class='ocrx_word' id='word_1_208' title='bbox 404 2921 522 3004; x_wconf 88' lang='lat' dir='ltr'>ubique</span> <span class='ocrx_word' id='word_1_209' title='bbox 545 2914 719 3008; x_wconf 84' lang='lat' dir='ltr'>expedita&#39;</span> <span class='ocrx_word' id='word_1_210' title='bbox 758 2924 797 2988; x_wconf 89' lang='lat' dir='ltr'>cf.</span> <span class='ocrx_word' id='word_1_211' title='bbox 821 2923 891 2988; x_wconf 84' lang='lat' dir='ltr'>Arr.</span> <span class='ocrx_word' id='word_1_212' title='bbox 919 2944 944 2988; x_wconf 89' lang='lat' dir='ltr'>c.</span> <span class='ocrx_word' id='word_1_213' title='bbox 968 2924 1009 2986; x_wconf 90' lang='grc'>43</span> <span class='ocrx_word' id='word_1_214' title='bbox 1031 2924 1051 3002; x_wconf 66' lang='grc' dir='ltr'>ξ</span> <span class='ocrx_word' id='word_1_215' title='bbox 1075 2925 1111 2986; x_wconf 90' lang='lat'>3:</span> <span class='ocrx_word' id='word_1_216' title='bbox 1142 2919 1199 2986; x_wconf 76' lang='grc' dir='ltr'>ἐπὶ</span> <span class='ocrx_word' id='word_1_217' title='bbox 1220 2915 1351 3000; x_wconf 65' lang='grc' dir='ltr'><strong><em>τούτοις</em></strong></span> <span class='ocrx_word' id='word_1_218' title='bbox 1371 2922 1483 3004; x_wconf 84' lang='grc' dir='ltr'><strong><em>μέντοι</em></strong></span> 
     </span>
     <span class='ocr_line' id='line_1_24' title="bbox 185 3026 1487 3116; baseline 0.005 -24"><span class='ocrx_word' id='word_1_219' title='bbox 185 3030 342 3116; x_wconf 84' lang='grc' dir='ltr'><strong><em>πηδήσεις</em></strong></span> <span class='ocrx_word' id='word_1_220' title='bbox 363 3029 419 3094; x_wconf 75' lang='grc' dir='ltr'>ἐπὶ</span> <span class='ocrx_word' id='word_1_221' title='bbox 435 3027 512 3108; x_wconf 84' lang='grc' dir='ltr'><strong><em>τοδς</em></strong></span> <span class='ocrx_word' id='word_1_222' title='bbox 525 3031 653 3108; x_wconf 83' lang='grc' dir='ltr'><strong><em>ἵππους</em></strong></span> <span class='ocrx_word' id='word_1_223' title='bbox 676 3026 721 3108; x_wconf 85' lang='grc' dir='ltr'><strong><em>ῶς</em></strong></span> <span class='ocrx_word' id='word_1_224' title='bbox 738 3027 785 3096; x_wconf 75' lang='grc' dir='ltr'><strong><em>ἔνι</em></strong></span> <span class='ocrx_word' id='word_1_225' title='bbox 807 3026 1051 3108; x_wconf 78' lang='grc' dir='ltr'><strong><em>ποικιλωτάτας</em></strong></span> <span class='ocrx_word' id='word_1_226' title='bbox 1073 3031 1255 3115; x_wconf 78' lang='grc' dir='ltr'><strong><em>ποιοῦνται,</em></strong></span> <span class='ocrx_word' id='word_1_227' title='bbox 1278 3026 1371 3110; x_wconf 80' lang='grc' dir='ltr'><strong><em>ὅσαις</em></strong></span> <span class='ocrx_word' id='word_1_228' title='bbox 1385 3027 1487 3110; x_wconf 75' lang='grc' dir='ltr'><strong><em>ἰδέαις</em></strong></span> 
     </span>
     <span class='ocr_line' id='line_1_25' title="bbox 184 3131 1572 3224; baseline 0.004 -22"><span class='ocrx_word' id='word_1_229' title='bbox 184 3138 237 3203; x_wconf 81' lang='grc' dir='ltr'>καὶ</span> <span class='ocrx_word' id='word_1_230' title='bbox 275 3133 367 3216; x_wconf 81' lang='grc' dir='ltr'><strong><em>δσοις</em></strong></span> <span class='ocrx_word' id='word_1_231' title='bbox 400 3133 561 3224; x_wconf 68' lang='grc' dir='ltr'><strong><em>σχήμασιν</em></strong></span> <span class='ocrx_word' id='word_1_232' title='bbox 590 3131 797 3222; x_wconf 74' lang='grc' dir='ltr'><strong><em>άναβαίνεται</em></strong></span> <span class='ocrx_word' id='word_1_233' title='bbox 834 3141 942 3218; x_wconf 90' lang='grc' dir='ltr'><strong><em>ἵππος</em></strong></span> <span class='ocrx_word' id='word_1_234' title='bbox 978 3135 1045 3206; x_wconf 83' lang='grc' dir='ltr'>δπδ</span> <span class='ocrx_word' id='word_1_235' title='bbox 1080 3135 1219 3218; x_wconf 74' lang='grc' dir='ltr'><strong><em>ἵππι’-ως.</em></strong></span> <span class='ocrx_word' id='word_1_236' title='bbox 1277 3163 1304 3208; x_wconf 89' lang='lat' dir='ltr'>c.</span> <span class='ocrx_word' id='word_1_237' title='bbox 1326 3144 1368 3206; x_wconf 90' lang='grc'>44</span> <span class='ocrx_word' id='word_1_238' title='bbox 1403 3145 1423 3222; x_wconf 64' lang='grc' dir='ltr'>ξ</span> <span class='ocrx_word' id='word_1_239' title='bbox 1450 3145 1485 3207; x_wconf 84' lang='lat'>2:</span> <span class='ocrx_word' id='word_1_240' title='bbox 1570 3179 1572 3184; x_wconf 96' lang='lat'>·</span> 
     </span>
     <span class='ocr_line' id='line_1_26' title="bbox 183 3241 1487 3335; baseline 0.002 -23"><span class='ocrx_word' id='word_1_241' title='bbox 183 3247 238 3313; x_wconf 82' lang='grc' dir='ltr'>καὶ</span> <span class='ocrx_word' id='word_1_242' title='bbox 268 3242 396 3334; x_wconf 81' lang='grc' dir='ltr'><strong><em>τάφρον</em></strong></span> <span class='ocrx_word' id='word_1_243' title='bbox 434 3248 470 3313; x_wconf 82' lang='grc' dir='ltr'>δὲ</span> <span class='ocrx_word' id='word_1_244' title='bbox 506 3241 677 3335; x_wconf 85' lang='grc' dir='ltr'><strong><em>άναπηδάν</em></strong></span> <span class='ocrx_word' id='word_1_245' title='bbox 709 3250 890 3332; x_wconf 81' lang='grc' dir='ltr'><strong><em>μελετῶσιν</em></strong></span> <span class='ocrx_word' id='word_1_246' title='bbox 921 3241 1039 3328; x_wconf 86' lang='grc' dir='ltr'><strong><em>αδτοῖς</em></strong></span> <span class='ocrx_word' id='word_1_247' title='bbox 1077 3243 1107 3315; x_wconf 81' lang='lat' dir='ltr'>oi</span> <span class='ocrx_word' id='word_1_248' title='bbox 1140 3249 1244 3315; x_wconf 91' lang='grc' dir='ltr'><strong><em>ἵπποι</em></strong></span> <span class='ocrx_word' id='word_1_249' title='bbox 1281 3250 1335 3315; x_wconf 83' lang='grc' dir='ltr'>καὶ</span> <span class='ocrx_word' id='word_1_250' title='bbox 1366 3250 1487 3332; x_wconf 82' lang='grc' dir='ltr'><strong><em>τειχίον</em></strong></span> 
     </span>
     <span class='ocr_line' id='line_1_27' title="bbox 184 3352 1189 3440; baseline 0.002 -18"><span class='ocrx_word' id='word_1_251' title='bbox 184 3352 440 3440; x_wconf 70' lang='grc' dir='ltr'><strong><em>ὑπεράλλεσθαι.</em></strong></span> <span class='ocrx_word' id='word_1_252' title='bbox 1188 3367 1189 3371; x_wconf 74' lang='grc'>’</span> 
     </span>
    </p>

    <p class='ocr_par' dir='ltr' id='par_1_7' title="bbox 110 3461 1487 3644">
     <span class='ocr_line' id='line_1_28' title="bbox 110 3461 1487 3552; baseline 0.003 -21"><span class='ocrx_word' id='word_1_253' title='bbox 110 3470 160 3532; x_wconf 84' lang='grc'>12.</span> <span class='ocrx_word' id='word_1_254' title='bbox 222 3462 387 3551; x_wconf 60' lang='lat' dir='ltr'>‘stampais</span> <span class='ocrx_word' id='word_1_255' title='bbox 409 3471 499 3547; x_wconf 84' lang='lat' dir='ltr'>euro]</span> <span class='ocrx_word' id='word_1_256' title='bbox 515 3461 673 3552; x_wconf 87' lang='lat' dir='ltr'>apparet&#39;</span> <span class='ocrx_word' id='word_1_257' title='bbox 695 3469 745 3535; x_wconf 89' lang='lat' dir='ltr'>W.</span> <span class='ocrx_word' id='word_1_258' title='bbox 769 3470 827 3536; x_wconf 89' lang='lat' dir='ltr'>sed</span> <span class='ocrx_word' id='word_1_259' title='bbox 842 3469 992 3536; x_wconf 89' lang='lat' dir='ltr'>videntur</span> <span class='ocrx_word' id='word_1_260' title='bbox 1007 3471 1101 3536; x_wconf 90' lang='lat' dir='ltr'>nimis</span> <span class='ocrx_word' id='word_1_261' title='bbox 1124 3470 1242 3536; x_wconf 89' lang='lat' dir='ltr'>multae</span> <span class='ocrx_word' id='word_1_262' title='bbox 1265 3489 1336 3536; x_wconf 88' lang='lat' dir='ltr'>esse</span> <span class='ocrx_word' id='word_1_263' title='bbox 1351 3470 1487 3536; x_wconf 87' lang='lat' dir='ltr'>litterae.</span> 
     </span>
     <span class='ocr_line' id='line_1_29' title="bbox 188 3569 521 3644; baseline 0 -2"><span class='ocrx_word' id='word_1_264' title='bbox 188 3598 263 3643; x_wconf 94' lang='lat' dir='ltr'>num</span> <span class='ocrx_word' id='word_1_265' title='bbox 283 3571 392 3644; x_wconf 85' lang='lat' dir='ltr'>‘unica</span> <span class='ocrx_word' id='word_1_266' title='bbox 414 3569 521 3643; x_wconf 83' lang='lat' dir='ltr'>cura&#39;?</span> 
     </span>
    </p>

    <p class='ocr_par' dir='ltr' id='par_1_8' title="bbox 115 3684 1489 4866">
     <span class='ocr_line' id='line_1_30' title="bbox 115 3684 1487 3774; baseline 0.001 -22"><span class='ocrx_word' id='word_1_267' title='bbox 115 3690 164 3752; x_wconf 86' lang='lat'>12.</span> <span class='ocrx_word' id='word_1_268' title='bbox 226 3684 388 3765; x_wconf 83' lang='lat' dir='ltr'>‘sub[ito].&#39;</span> <span class='ocrx_word' id='word_1_269' title='bbox 414 3708 528 3754; x_wconf 91' lang='lat' dir='ltr'>sensus</span> <span class='ocrx_word' id='word_1_270' title='bbox 549 3689 705 3754; x_wconf 87' lang='lat' dir='ltr'>enuntiati</span> <span class='ocrx_word' id='word_1_271' title='bbox 729 3690 920 3774; x_wconf 88' lang='lat' dir='ltr'>perspicuus</span> <span class='ocrx_word' id='word_1_272' title='bbox 943 3695 1005 3754; x_wconf 91' lang='lat' dir='ltr'>est:</span> <span class='ocrx_word' id='word_1_273' title='bbox 1029 3688 1214 3754; x_wconf 90' lang='lat' dir='ltr'>Hadrianus</span> <span class='ocrx_word' id='word_1_274' title='bbox 1230 3687 1341 3754; x_wconf 91' lang='lat' dir='ltr'>laudat</span> <span class='ocrx_word' id='word_1_275' title='bbox 1357 3688 1487 3755; x_wconf 81' lang='lat' dir='ltr'>Catulli-</span> 
     </span>
     <span class='ocr_line' id='line_1_31' title="bbox 190 3793 1488 3881; baseline 0.003 -20"><span class='ocrx_word' id='word_1_276' title='bbox 190 3817 274 3876; x_wconf 92' lang='lat' dir='ltr'>num,</span> <span class='ocrx_word' id='word_1_277' title='bbox 295 3798 437 3880; x_wconf 81' lang='lat' dir='ltr'>legatum</span> <span class='ocrx_word' id='word_1_278' title='bbox 452 3817 556 3872; x_wconf 91' lang='lat' dir='ltr'>suum,</span> <span class='ocrx_word' id='word_1_279' title='bbox 572 3799 658 3881; x_wconf 88' lang='lat' dir='ltr'>quod</span> <span class='ocrx_word' id='word_1_280' title='bbox 673 3799 789 3866; x_wconf 87' lang='lat' dir='ltr'>milites</span> <span class='ocrx_word' id='word_1_281' title='bbox 805 3805 869 3864; x_wconf 90' lang='lat' dir='ltr'>tam</span> <span class='ocrx_word' id='word_1_282' title='bbox 886 3793 1012 3865; x_wconf 83' lang='lat' dir='ltr'>‘subito&#39;</span> <span class='ocrx_word' id='word_1_283' title='bbox 1030 3836 1071 3846; x_wconf 94' lang='lat'>—</span> <span class='ocrx_word' id='word_1_284' title='bbox 1086 3797 1147 3864; x_wconf 91' lang='lat' dir='ltr'>hoc</span> <span class='ocrx_word' id='word_1_285' title='bbox 1161 3797 1352 3864; x_wconf 83' lang='lat' dir='ltr'>vocabulum</span> <span class='ocrx_word' id='word_1_286' title='bbox 1367 3799 1488 3864; x_wconf 89' lang='lat' dir='ltr'>littera·</span> 
     </span>
     <span class='ocr_line' id='line_1_32' title="bbox 188 3907 1488 3992; baseline 0.002 -22"><span class='ocrx_word' id='word_1_287' title='bbox 188 3927 259 3972; x_wconf 88' lang='lat' dir='ltr'>rum</span> <span class='ocrx_word' id='word_1_288' title='bbox 274 3907 433 3989; x_wconf 88' lang='lat' dir='ltr'>reliquiae</span> <span class='ocrx_word' id='word_1_289' title='bbox 451 3908 549 3972; x_wconf 87' lang='lat' dir='ltr'>facile</span> <span class='ocrx_word' id='word_1_290' title='bbox 572 3907 781 3992; x_wconf 88' lang='lat' dir='ltr'>suppeditant</span> <span class='ocrx_word' id='word_1_291' title='bbox 796 3945 836 3954; x_wconf 92' lang='lat'><em>-</em></span> <span class='ocrx_word' id='word_1_292' title='bbox 849 3909 972 3992; x_wconf 90' lang='lat' dir='ltr'>peritos</span> <span class='ocrx_word' id='word_1_293' title='bbox 988 3908 1232 3974; x_wconf 89' lang='lat' dir='ltr'>artificiosarum</span> <span class='ocrx_word' id='word_1_294' title='bbox 1248 3908 1375 3972; x_wconf 85' lang='lat' dir='ltr'>illarum</span> <span class='ocrx_word' id='word_1_295' title='bbox 1398 3926 1488 3972; x_wconf 90' lang='lat' dir='ltr'>exer-</span> 
     </span>
     <span class='ocr_line' id='line_1_33' title="bbox 187 4009 1487 4095; baseline 0 -14"><span class='ocrx_word' id='word_1_296' title='bbox 187 4016 375 4082; x_wconf 89' lang='lat' dir='ltr'>citationum</span> <span class='ocrx_word' id='word_1_297' title='bbox 400 4016 589 4082; x_wconf 89' lang='lat' dir='ltr'>reddiderit.</span> <span class='ocrx_word' id='word_1_298' title='bbox 613 4019 762 4084; x_wconf 87' lang='lat' dir='ltr'>similiter</span> <span class='ocrx_word' id='word_1_299' title='bbox 781 4009 912 4084; x_wconf 82' lang='lat' dir='ltr'>‘subito‘</span> <span class='ocrx_word' id='word_1_300' title='bbox 934 4017 1106 4084; x_wconf 87' lang='lat' dir='ltr'>adhibetur</span> <span class='ocrx_word' id='word_1_301' title='bbox 1121 4039 1141 4082; x_wconf 87' lang='lat' dir='ltr'>a</span> <span class='ocrx_word' id='word_1_302' title='bbox 1156 4017 1223 4082; x_wconf 77' lang='lat' dir='ltr'>Cic.</span> <span class='ocrx_word' id='word_1_303' title='bbox 1238 4016 1278 4083; x_wconf 92' lang='lat' dir='ltr'>de</span> <span class='ocrx_word' id='word_1_304' title='bbox 1295 4023 1374 4082; x_wconf 86' lang='lat' dir='ltr'>orat.</span> <span class='ocrx_word' id='word_1_305' title='bbox 1396 4018 1419 4095; x_wconf 85' lang='lat' dir='ltr'>l,</span> <span class='ocrx_word' id='word_1_306' title='bbox 1437 4019 1487 4095; x_wconf 87' lang='lat'>59,</span> 
     </span>
     <span class='ocr_line' id='line_1_34' title="bbox 187 4117 1487 4213; baseline 0.002 -24"><span class='ocrx_word' id='word_1_307' title='bbox 187 4126 263 4189; x_wconf 83' lang='lat'><strong>252:</strong></span> <span class='ocrx_word' id='word_1_308' title='bbox 272 4121 346 4192; x_wconf 84' lang='lat' dir='ltr'>‘vox</span> <span class='ocrx_word' id='word_1_309' title='bbox 359 4133 391 4191; x_wconf 90' lang='lat' dir='ltr'>et</span> <span class='ocrx_word' id='word_1_310' title='bbox 402 4133 512 4209; x_wconf 83' lang='lat' dir='ltr'>gestus</span> <span class='ocrx_word' id='word_1_311' title='bbox 522 4129 629 4193; x_wconf 91' lang='lat' dir='ltr'>subito</span> <span class='ocrx_word' id='word_1_312' title='bbox 643 4130 725 4194; x_wconf 91' lang='lat' dir='ltr'>sumi</span> <span class='ocrx_word' id='word_1_313' title='bbox 738 4135 770 4194; x_wconf 86' lang='lat' dir='ltr'>et</span> <span class='ocrx_word' id='word_1_314' title='bbox 783 4129 915 4195; x_wconf 88' lang='lat' dir='ltr'>aliunde</span> <span class='ocrx_word' id='word_1_315' title='bbox 925 4130 1025 4213; x_wconf 88' lang='lat' dir='ltr'>arripi</span> <span class='ocrx_word' id='word_1_316' title='bbox 1037 4149 1100 4196; x_wconf 93' lang='lat' dir='ltr'>non</span> <span class='ocrx_word' id='word_1_317' title='bbox 1113 4117 1239 4213; x_wconf 84' lang='lat' dir='ltr'>potest&#39;</span> <span class='ocrx_word' id='word_1_318' title='bbox 1254 4127 1319 4192; x_wconf 85' lang='lat' dir='ltr'>alia</span> <span class='ocrx_word' id='word_1_319' title='bbox 1331 4129 1487 4211; x_wconf 80' lang='lat' dir='ltr'>exempla,</span> 
     </span>
     <span class='ocr_line' id='line_1_35' title="bbox 188 4227 1488 4331; baseline 0.002 -33"><span class='ocrx_word' id='word_1_320' title='bbox 188 4231 304 4314; x_wconf 89' lang='lat' dir='ltr'>quibus</span> <span class='ocrx_word' id='word_1_321' title='bbox 324 4228 451 4298; x_wconf 73' lang='lat' dir='ltr'>‘subito’</span> <span class='ocrx_word' id='word_1_322' title='bbox 477 4234 590 4300; x_wconf 88' lang='lat' dir='ltr'>cadem</span> <span class='ocrx_word' id='word_1_323' title='bbox 613 4234 819 4301; x_wconf 82' lang='lat' dir='ltr'>serenatione</span> <span class='ocrx_word' id='word_1_324' title='bbox 845 4256 884 4302; x_wconf 86' lang='lat' dir='ltr'>uc</span> <span class='ocrx_word' id='word_1_325' title='bbox 903 4230 992 4302; x_wconf 83' lang='lat' dir='ltr'>‘cito&#39;</span> <span class='ocrx_word' id='word_1_326' title='bbox 1006 4237 1057 4302; x_wconf 87' lang='lat' dir='ltr'>vel</span> <span class='ocrx_word' id='word_1_327' title='bbox 1077 4227 1256 4315; x_wconf 88' lang='lat' dir='ltr'>‘celeriter&#39;‚</span> <span class='ocrx_word' id='word_1_328' title='bbox 1280 4242 1315 4301; x_wconf 88' lang='lat' dir='ltr'>ut</span> <span class='ocrx_word' id='word_1_329' title='bbox 1331 4235 1488 4331; x_wconf 86' lang='lat' dir='ltr'>hocloco,</span> 
     </span>
     <span class='ocr_line' id='line_1_36' title="bbox 188 4338 1488 4428; baseline 0.002 -21"><span class='ocrx_word' id='word_1_330' title='bbox 188 4349 371 4426; x_wconf 86' lang='lat' dir='ltr'>usurpatur,</span> <span class='ocrx_word' id='word_1_331' title='bbox 392 4342 567 4409; x_wconf 85' lang='lat' dir='ltr'>Forcellini</span> <span class='ocrx_word' id='word_1_332' title='bbox 584 4351 748 4411; x_wconf 88' lang='lat' dir='ltr'>enumerat</span> <span class='ocrx_word' id='word_1_333' title='bbox 769 4345 871 4410; x_wconf 88' lang='lat' dir='ltr'>velut:</span> <span class='ocrx_word' id='word_1_334' title='bbox 895 4344 986 4411; x_wconf 79' lang='lat' dir='ltr'>Caes.</span> <span class='ocrx_word' id='word_1_335' title='bbox 1009 4345 1039 4411; x_wconf 93' lang='lat' dir='ltr'>b.</span> <span class='ocrx_word' id='word_1_336' title='bbox 1057 4345 1094 4410; x_wconf 80' lang='lat' dir='ltr'>G.</span> <span class='ocrx_word' id='word_1_337' title='bbox 1117 4345 1158 4424; x_wconf 85' lang='lat'>11,</span> <span class='ocrx_word' id='word_1_338' title='bbox 1183 4346 1237 4408; x_wconf 84' lang='lat'>33:</span> <span class='ocrx_word' id='word_1_339' title='bbox 1257 4338 1388 4426; x_wconf 87' lang='lat' dir='ltr'>‘(scuta)</span> <span class='ocrx_word' id='word_1_340' title='bbox 1403 4365 1488 4428; x_wconf 88' lang='lat' dir='ltr'>quae</span> 
     </span>
     <span class='ocr_line' id='line_1_37' title="bbox 189 4447 1489 4538; baseline 0.003 -23"><span class='ocrx_word' id='word_1_341' title='bbox 189 4449 293 4516; x_wconf 89' lang='lat' dir='ltr'>subito</span> <span class='ocrx_word' id='word_1_342' title='bbox 316 4452 455 4534; x_wconf 89' lang='lat' dir='ltr'>pellibus</span> <span class='ocrx_word' id='word_1_343' title='bbox 485 4447 698 4519; x_wconf 86' lang='lat' dir='ltr'>induxerant&#39;</span> <span class='ocrx_word' id='word_1_344' title='bbox 729 4455 868 4520; x_wconf 80' lang='lat' dir='ltr'>Lucret.</span> <span class='ocrx_word' id='word_1_345' title='bbox 890 4455 1033 4538; x_wconf 84' lang='lat'><strong>11,391:</strong></span> <span class='ocrx_word' id='word_1_346' title='bbox 1064 4448 1184 4520; x_wconf 89' lang='lat' dir='ltr'>‘subito</span> <span class='ocrx_word' id='word_1_347' title='bbox 1205 4475 1264 4538; x_wconf 90' lang='lat' dir='ltr'>per</span> <span class='ocrx_word' id='word_1_348' title='bbox 1285 4455 1389 4519; x_wconf 90' lang='lat' dir='ltr'>colum</span> <span class='ocrx_word' id='word_1_349' title='bbox 1411 4453 1489 4520; x_wconf 91' lang='lat' dir='ltr'>vina</span> 
     </span>
     <span class='ocr_line' id='line_1_38' title="bbox 189 4552 1488 4641; baseline 0.002 -16"><span class='ocrx_word' id='word_1_350' title='bbox 189 4559 336 4626; x_wconf 86' lang='lat' dir='ltr'>videmus</span> <span class='ocrx_word' id='word_1_351' title='bbox 368 4559 541 4641; x_wconf 89' lang='lat' dir='ltr'>perfluere:</span> <span class='ocrx_word' id='word_1_352' title='bbox 576 4569 609 4628; x_wconf 90' lang='lat' dir='ltr'>at</span> <span class='ocrx_word' id='word_1_353' title='bbox 636 4569 748 4628; x_wconf 89' lang='lat' dir='ltr'>contra</span> <span class='ocrx_word' id='word_1_354' title='bbox 776 4563 904 4628; x_wconf 89' lang='lat' dir='ltr'>tardum</span> <span class='ocrx_word' id='word_1_355' title='bbox 939 4569 1106 4629; x_wconf 88' lang='lat' dir='ltr'>cunctatur</span> <span class='ocrx_word' id='word_1_356' title='bbox 1139 4552 1282 4628; x_wconf 60' lang='lat' dir='ltr'>clivom?</span> <span class='ocrx_word' id='word_1_357' title='bbox 1325 4583 1383 4629; x_wconf 92' lang='lat' dir='ltr'>cur</span> <span class='ocrx_word' id='word_1_358' title='bbox 1411 4583 1488 4630; x_wconf 88' lang='lat' dir='ltr'>vero</span> 
     </span>
     <span class='ocr_line' id='line_1_39' title="bbox 189 4669 1488 4757; baseline 0.002 -22"><span class='ocrx_word' id='word_1_359' title='bbox 189 4669 319 4735; x_wconf 76' lang='lat' dir='ltr'>subito?</span> <span class='ocrx_word' id='word_1_360' title='bbox 353 4690 428 4735; x_wconf 92' lang='lat' dir='ltr'>num</span> <span class='ocrx_word' id='word_1_361' title='bbox 450 4673 586 4757; x_wconf 85' lang='lat' dir='ltr'>legatus,</span> <span class='ocrx_word' id='word_1_362' title='bbox 621 4675 674 4756; x_wconf 90' lang='lat' dir='ltr'>qui</span> <span class='ocrx_word' id='word_1_363' title='bbox 704 4680 801 4739; x_wconf 87' lang='lat' dir='ltr'>antea</span> <span class='ocrx_word' id='word_1_364' title='bbox 825 4673 1021 4757; x_wconf 88' lang='lat' dir='ltr'>provinciam</span> <span class='ocrx_word' id='word_1_365' title='bbox 1051 4679 1207 4751; x_wconf 86' lang='lat' dir='ltr'>tenuerat,</span> <span class='ocrx_word' id='word_1_366' title='bbox 1243 4674 1488 4738; x_wconf 87' lang='lat' dir='ltr'>exercitationes</span> 
     </span>
     <span class='ocr_line' id='line_1_40' title="bbox 189 4780 1485 4866; baseline 0.003 -22"><span class='ocrx_word' id='word_1_367' title='bbox 189 4780 262 4845; x_wconf 87' lang='lat' dir='ltr'>illas</span> <span class='ocrx_word' id='word_1_368' title='bbox 285 4780 426 4862; x_wconf 79' lang='lat' dir='ltr'>neglexit</span> <span class='ocrx_word' id='word_1_369' title='bbox 447 4783 501 4863; x_wconf 87' lang='lat' dir='ltr'>ita,</span> <span class='ocrx_word' id='word_1_370' title='bbox 528 4788 562 4846; x_wconf 90' lang='lat' dir='ltr'>ut</span> <span class='ocrx_word' id='word_1_371' title='bbox 585 4781 764 4848; x_wconf 81' lang='lat' dir='ltr'>Catullinus</span> <span class='ocrx_word' id='word_1_372' title='bbox 790 4783 983 4850; x_wconf 89' lang='lat' dir='ltr'>contendere</span> <span class='ocrx_word' id='word_1_373' title='bbox 1006 4783 1138 4849; x_wconf 88' lang='lat' dir='ltr'>deberet</span> <span class='ocrx_word' id='word_1_374' title='bbox 1159 4785 1308 4866; x_wconf 84' lang='lat' dir='ltr'>neglecta¹</span> <span class='ocrx_word' id='word_1_375' title='bbox 1328 4785 1485 4849; x_wconf 89' lang='lat' dir='ltr'>resarcire</span> 
     </span>
    </p>
   </div>
   <div class='ocr_carea' id='block_1_3' title="bbox 0 0 1802 5536">
    <p class='ocr_par' dir='ltr' id='par_1_9' title="bbox 0 0 1802 5536">
     <span class='ocr_line' id='line_1_41' title="bbox 0 0 1802 5536; baseline 0 0"><span class='ocrx_word' id='word_1_376' title='bbox 0 0 1802 5536; x_wconf 95' lang='lat' dir='ltr'> </span> 
     </span>
    </p>
   </div>
  </div>
 </body>
</html>
