3576 5536
728 373 935 439 ...25-

180 560 254 626 hist.
277 559 348 625 hex.
376 559 431 625 iat.
456 580 486 642 p.
512 557 554 642 7),
586 561 684 623 ceteri
713 561 919 642 servaverim,
947 563 1142 645 posteriores
1174 565 1350 650 praecipue
1378 564 1475 631 Ovidi

181 676 355 736 sectatores
377 690 480 754 paene
508 667 680 733 immodice
702 667 892 735 ademerint.
936 677 1077 738 ceterum
1104 679 1214 739 contra
1236 673 1475 752 Mommsennm‚

180 778 235 862 qui
258 778 388 845 CatonIs
415 799 454 844 ea
479 778 580 844 verba
608 797 681 843 esse
703 777 812 856 voluit,
845 778 1018 846 dicendum
1040 781 1101 846 erit
1121 776 1151 848 ‘e
1174 773 1268 849 tecto'
1299 786 1391 866 quasi
1419 785 1476 850 ad-

178 887 365 954 verbialiter
386 889 527 974 positum
550 907 613 952 non
636 887 760 971 antiqui
784 889 842 954 sed
864 891 1056 958 recentioris
1079 893 1232 976 temporis
1256 913 1337 959 esse.

126 997 155 1061 6.
217 997 285 1064 ‘aut
299 1017 390 1065 ecum
405 995 543 1064 retinere
559 987 691 1079 nequit’
713 996 748 1062 id
764 997 832 1064 fieri
847 1007 961 1083 potest,
985 1000 1012 1066 si
1031 1001 1148 1068 nImius
1165 1009 1214 1067 est
1228 1002 1261 1066 vi
1284 1003 1476 1068 currentium

179 1124 332 1188 equorum
356 1108 505 1192 impetus,
535 1106 581 1171 ita
603 1114 639 1172 ut
660 1105 762 1172 invito
786 1109 895 1190 equite
919 1110 1047 1192 longius
1071 1117 1174 1176 ruant.
1215 1112 1299 1177 sieut
1321 1111 1475 1194 impetum

179 1214 323 1297 equitum
346 1218 379 1282 in
402 1215 623 1301 persequendo
639 1219 811 1301 imperator
829 1217 997 1302 vituperat,
1021 1219 1067 1285 ita
1088 1239 1162 1286 mox
1188 1218 1220 1284 in
1236 1218 1474 1305 congrediendo
1497 1296 1499 1302 ¹

180 1345 251 1393 cum
277 1325 366 1394 hoste
390 1328 486 1393 etiam
511 1325 721 1392 commendat.

108 1439 157 1502 10.
217 1426 343 1502 ‘Zarai'
387 1435 584 1521 oppiduma
611 1434 782 1502 Lambaesi
805 1435 1002 1501 occidentem
1025 1443 1057 1501 et
1079 1437 1330 1520 septentrionem
1364 1459 1475 1506 versus

179 1546 284 1612 situm.
316 1546 355 1612 of.
380 1546 483 1612 Duerr
505 1565 558 1629 pp.
580 1545 631 1610 40.
654 1545 708 1610 41:
731 1537 889 1610 ‘Hadrian
912 1545 1041 1612 Iandcte
1061 1545 1146 1613 wohl
1168 1548 1201 1612 in
1221 1546 1383 1632 Carthago
1406 1601 1413 1614 .
1437 1598 1444 1613 .
1467 1599 1474 1613 .

180 1657 336 1724 haidem
359 1657 459 1740 Wege
485 1654 567 1721 nach
591 1655 777 1720 Lambaesis
801 1654 954 1722 hesuohte
982 1675 1016 1721 er
1045 1655 1129 1722 wohl
1154 1709 1160 1722 .
1184 1709 1190 1722 .
1214 1705 1221 1720 .
1242 1657 1341 1723 Zama
1362 1658 1475 1742 Regia,

180 1770 289 1850 Lares,
312 1817 319 1832 .
344 1819 378 1835 ..
406 1768 661 1835 Theveste...
689 1767 885 1850 Thamugas.
932 1767 1022 1833 Eudo
1052 1769 1128 1834 Jnui
1158 1768 1236 1834 hielt
1267 1789 1300 1833 er
1327 1768 1360 1834 in
1382 1767 1474 1833 Lam·
1599 1751 1601 1756 ¹

180 1880 286 1946 haesis
309 1879 360 1946 die
383 1877 509 1944 Parade
536 1878 593 1944 der
616 1875 741 1960 Legion
770 1876 811 1942 ab
834 1877 898 1942 und
923 1898 983 1960 cog
1005 1877 1091 1943 dann
1116 1879 1227 1967 weiter
1248 1878 1345 1944 ueher
1367 1879 1473 1956 Zarai,

177 2010 227 2055 wo
248 2009 282 2054 er
303 1989 423 2070 anfang
437 1986 505 2053 Jnli
528 1985 662 2070 [certum
685 1984 766 2050 mihi
783 1984 998 2052 videturesse
1021 1985 1075 2051 die
1099 1987 1126 2050 7.
1144 1985 1265 2052 mensis
1288 1986 1377 2067 Iulii;
1400 2007 1473 2052 nam

177 2105 252 2165 ante
272 2090 337 2164 ‘on’
359 2097 440 2164 nihil
462 2097 525 2162 nisi
544 2087 588 2162 ‘n'
611 2103 716 2180 potest
738 2093 911 2178 excidisse]
946 2097 1019 2162 eine
1041 2096 1241 2181 AbtheiIung
1270 2097 1328 2163 der
1350 2097 1475 2162 auinIa

178 2208 344 2291 inspicirte
375 2255 382 2270 .
420 2259 426 2272 .
467 2257 474 2272 .
512 2205 593 2272 naeh
621 2205 729 2272 Sitifis‘
767 2205 815 2286 [in
847 2206 1107 2290 Mauretaniam}
1155 2207 1282 2274 itineris
1315 2205 1473 2273 Hadriani

177 2319 334 2383 rationem
356 2317 461 2382 Duerr
482 2314 561 2381 mihi
583 2321 670 2381 recte
693 2314 820 2380 videtur
849 2315 1054 2403 indicavisse.
1099 2317 1195 2383 Zarai
1224 2317 1310 2382 enim
1339 2336 1411 2382 cum
1440 2314 1473 2380 in

178 2426 315 2492 confinio
339 2425 513 2491 Numidiae
537 2431 569 2490 et
597 2424 818 2492 Mauretaniae
848 2425 954 2502 fuerit,
989 2433 1044 2492 aut
1077 2427 1222 2492 ultimam
1252 2433 1307 2492 aut
1336 2426 1473 2510 primam

177 2533 302 2600 urbium
321 2533 494 2600 Numidiae
510 2532 694 2600 Hadrianus
718 2535 836 2616 attigit.
865 2535 890 2600 si
909 2536 1044 2618 primam
1062 2536 1096 2617 (a
1109 2534 1313 2601 Mauretania
1327 2533 1474 2614 veniens)

177 2644 309 2727 adisset,
330 2644 400 2710 fieri
416 2665 478 2709 non
495 2643 607 2728 potuit,
632 2651 666 2710 ut
681 2643 881 2727 aliquantum
898 2647 1061 2728 temporis,
1084 2647 1154 2734 sive
1176 2646 1282 2730 plures
1305 2645 1373 2712 sive
1389 2663 1472 2710 nnus

177 2755 257 2830 dies,
290 2755 459 2820 interesset
490 2753 574 2820 inter
606 2752 843 2819 adlocutionem
876 2753 944 2820 coh.
973 2755 1003 2819 II
1036 2753 1283 2837 H[r‘spuuorcm]
1314 2762 1346 2820 et
1377 2752 1472 2820 huius
1592 2753 1597 2762 '

177 2865 325 2930 cohortis.
348 2865 541 2948 (fragmento
557 2866 639 2929 enim
657 2863 682 2930 G
697 2870 773 2929 ante
792 2858 878 2929 ‘non
894 2854 964 2930 IuI.’
987 2864 1111 2930 dierum
1127 2883 1293 2930 nnmerum
1313 2863 1472 2929 excidisse

176 2982 297 3042 certum
322 2975 457 3040 'videtur
490 2975 628 3041 fortasse
651 2974 723 3040 coh.
739 2974 772 3039 II
795 2975 887 3058 Hisp.
910 2971 1145 3040 Ammaedaiac
1167 2974 1337 3041 stationem
1360 2971 1473 3038 habuit

177 3087 216 3151 cf.
244 3083 315 3150 CIL
337 3085 424 3164 VIII,
447 3087 532 3161 312).
776 3173 780 3180 Ι

105 3199 153 3262 10.
214 3189 287 3260 ‘coh
315 3194 358 3275 [I.
380 3193 531 3278 Flt'um‘o)
550 3185 745 3278 eqtaitctu)]’
767 3195 946 3262 Wilmanns
969 3216 1010 3262 ex
1032 3195 1080 3260 tit.
1105 3195 1194 3277 VIII,
1221 3195 1303 3258 4527
1328 3193 1472 3258 coniecit.

177 3306 269 3370 cuius
297 3304 381 3370 tituli
408 3326 478 3371 cum
501 3314 627 3388 tompus
652 3306 805 3373 incertum
829 3307 880 3384 sit,
909 3327 983 3373 num
1007 3305 1165 3372 Hadriani
1188 3313 1331 3389 tempore
1358 3303 1429 3372 coh.
1457 3305 1473 3368 I

177 3415 225 3480 ΡΙ.
247 3435 297 3497 eq.
319 3415 415 3482 Zarai
438 3415 544 3496 fuerit,
569 3416 645 3483 inde
668 3417 832 3500 conligere
856 3439 919 3484 non
941 3419 1026 3484 lieet.

15 3742 58 3806 Ε
276 3731 405 3800 videtur
426 3734 545 3800 mentio
574 3733 643 3799 fiori
673 3735 892 3800 centurIonurn
921 3737 1061 3801 omnium
1089 3733 1235 3800 ordinum
1265 3741 1297 3799 et
1319 3730 1473 3797 Catullini

174 3843 275 3927 legati
298 3841 469 3908 clarissimi
492 3843 561 3908 viri.
597 3842 636 3910 do
660 3864 756 3910 sensu
779 3845 978 3911 restituendo
1001 3851 1033 3911 et
1054 3845 1153 3911 multo
1177 3843 1279 3927 magis
1302 3843 1342 3908 de
1363 3841 1472 3906 verbIs

175 3953 355 4037 desperavi.
392 3952 560 4036 quominus
594 3953 769 4037 suspiceris
803 3955 959 4039 scriptum
992 3954 1095 4020 fnisse
1127 3953 1200 4020 iIIos
1233 3958 1471 4019 monumentum

177 4062 303 4143 iecisse,
334 4061 505 4145 prohibent
527 4061 626 4127 verba
646 4056 686 4127 ‘si
708 4053 787 4129 erat'
809 4085 837 4130 v.
864 4065 890 4141 1,
924 4065 1043 4148 quibus
1063 4072 1200 4148 apparet
1222 4065 1324 4130 oratio
1355 4081 1471 4128 sermo-

175 4172 323 4240 cinantis.
346 4173 386 4238 ob
409 4171 444 4236 id
463 4161 518 4237 ‘Ie'
541 4173 572 4236 in
596 4193 625 4237 v.
642 4174 662 4236 3
683 4193 746 4238 non
769 4193 828 4257 per
847 4165 1013 4241 ‘fecerunt‘
1033 4175 1162 4240 videtur
1182 4171 1398 4258 supplendum
1413 4171 1471 4237 sed

175 4303 234 4367 per
251 4283 405 4350 ‘fecistis'.
