3576 5536
849 373 1056 438 ..42..

303 560 396 639 quasi
427 557 582 638 subditos,
616 561 771 626 aeterium
802 562 871 626 iure
897 560 1065 642 addemus,
1098 563 1153 644 qui
1177 581 1250 627 cum
1273 563 1436 645 equitibus
1459 559 1597 642 legionis

302 668 364 733 Vll
385 669 533 753 geminae
556 670 744 742 Caracallac
766 671 892 736 titulum
915 670 1046 738 dedicat
1067 671 1124 752 (ll,
1147 674 1243 754 2663,
1265 693 1294 738 6.
1317 673 1372 752 27)
1383 672 1413 754 ¹).

344 798 441 844 unum
475 785 583 845 restat.
639 777 760 845 dixerit
791 780 954 863 quispiam
987 782 1114 864 equites
1144 781 1283 864 legionis
1319 782 1380 848 etsi
1418 777 1597 845 matriculis

302 885 480 954 cohortium
501 888 795 970 inscriberenturll,
825 890 885 956 etsi
913 890 1009 956 robus
1033 911 1142 956 eorum
1165 888 1429 956 administrandis
1453 886 1596 955 centurio

301 996 451 1080 legionis,
483 999 540 1081 qui
563 1005 696 1064 vocatur
719 997 879 1082 princeps,
912 1007 1086 1084 praeesset,
1120 1008 1226 1065 tamen
1253 998 1448 1082 peculiarem
1475 1005 1597 1082 partem

302 1105 440 1188 legionis
473 1114 506 1172 ct
541 1109 572 1172 in
608 1107 724 1173 itinere
753 1113 784 1172 et
812 1108 982 1191 inpugna
1009 1108 1110 1174 luisse
1138 1115 1234 1192 atque
1262 1108 1396 1192 propria
1422 1108 1454 1172 iu
1476 1115 1597 1172 turmas
1665 1153 1668 1160 -

301 1209 463 1281 divisione
496 1237 580 1296 usos,
615 1217 644 1284 si
677 1224 763 1284 recte
798 1237 896 1301 supra
929 1217 1146 1284 disseruimus.
1192 1217 1270 1284 licet
1301 1238 1379 1302 ergo
1413 1237 1476 1282 non
1499 1216 1598 1281 luerit

301 1343 409 1390 eorum
434 1346 585 1393 numerus
607 1333 724 1408 tantae,
751 1335 905 1410 quantum
929 1327 1085 1412 Vegetius
1107 1327 1236 1394 videtur
1258 1326 1403 1394 iudicare
1425 1325 1483 1394 sed
1498 1345 1596 1409 quan·

301 1440 367 1497 tum
392 1453 450 1499 nos
474 1433 650 1512 docuimus,
675 1434 788 1501 ducem
813 1442 918 1501 tamen
941 1435 1083 1520 aliquem
1104 1455 1261 1502 summurn
1278 1435 1451 1502 habuerint
1465 1454 1597 1501 neeesse

301 1547 358 1606 est.
392 1542 455 1608 iam
494 1543 673 1611 recorderis
706 1563 806 1629 supra
838 1544 971 1612 miratos
1002 1567 1060 1612 nos
1094 1565 1166 1612 6666
1199 1554 1232 1612 61
1260 1544 1349 1630 apud
1371 1545 1543 1630 Iosephum
1565 1552 1598 1611 et

299 1650 387 1735 apud
421 1653 591 1721 Arrianum
624 1656 749 1738 equites
782 1655 919 1739 legionis
954 1653 1024 1722 siue
1058 1653 1139 1722 duce
1173 1655 1334 1739 proficisci
1369 1656 1597 1740 propriumque

301 1761 521 1844 praepositum
553 1784 616 1830 non
649 1763 770 1831 habere
794 1771 923 1848 praeter
945 1785 1103 1832 summurn
1125 1767 1293 1850 copiarum
1319 1765 1443 1847 ducem,
1476 1763 1532 1847 qui
1555 1764 1598 1830 sit

300 1868 448 1936 omuibus
477 1871 528 1938 vel
562 1872 699 1954 legionis
732 1873 783 1938 vel
815 1875 974 1939 exercitus
997 1873 1143 1958 partibus
1170 1874 1363 1958 praefectus.
1407 1879 1439 1939 et
1464 1893 1598 1939 revera

301 1977 385 2045 alius
409 2001 472 2046 uon
495 1981 623 2048 videtur
644 1982 754 2062 fuisse,
778 1981 836 2048 sed
853 1982 993 2066 legatum
1009 1982 1148 2074 legionis
1163 1989 1196 2050 et
1211 1984 1374 2067 proprium
1393 1988 1426 2050 et
1440 2001 1597 2048 summum

300 2087 414 2154 ducem
443 2091 585 2174 equitum
613 2093 715 2158 fuisse
744 2093 850 2159 credo.
885 2079 925 2158 ob
953 2113 1023 2160 eam
1051 2113 1117 2159 rem
1141 2093 1279 2176 profecti
1301 2101 1334 2160 et
1355 2091 1502 2160 instructi
1526 2111 1598 2157 esse

301 2217 363 2262 nou
398 2199 491 2283 louge
521 2221 542 2266 a
574 2202 682 2285 legato
714 2204 863 2286 legionis,
892 2205 959 2268 sive
982 2223 1053 2270 cum
1076 2205 1185 2288 plures
1207 2205 1351 2286 legiones
1375 2210 1475 2286 erant,
1498 2221 1608 2294 prope¹

300 2304 413 2373 ducem
425 2311 586 2377 exereitus
597 2309 747 2378 videntur
762 2313 815 2393 (cs.
829 2312 929 2379 loab.
939 2313 963 2378 I.
976 2313 1035 2396 111,
1047 2315 1080 2393 6;
1104 2313 1175 2378 Arr.
1189 2308 1254 2378 ἔκτ.
1267 2315 1336 2376 κατ’
1346 2302 1441 2395 Ἀλ.)
1463 2312 1536 2378 huis
1551 2311 1598 2378 rei

301 2417 393 2483 testis
416 2417 633 2486 videturesse
655 2419 767 2488 titulus
790 2421 860 2487 clu
873 2421 909 2504 V,
932 2423 1024 2503 3334,
1048 2443 1077 2486 6.
1093 2423 1119 2486 l.
1156 2443 1230 2486 nam
1244 2421 1377 2506 praebet
1390 2421 1597 2506 ‘praefectum

301 2527 443 2610 equitum
466 2550 523 2612 pro
545 2529 672 2614 legato'.
700 2530 731 2596 'si
754 2551 830 2596 vero
853 2532 925 2614 quis
948 2531 1111 2614 equitibus
1134 2531 1318 2614 praefectus
1332 2552 1389 2616 pro
1404 2533 1512 2616 legato
1528 2534 1597 2616 fuit,

300 2638 441 2721 legatum
463 2646 600 2723 apparet
614 2640 739 2723 equites
763 2638 835 2705 illos
852 2640 981 2706 solitum
997 2659 1070 2706 esse
1085 2644 1242 2723 regeret).
1277 2640 1311 2706 id
1327 2641 1505 2708 obtinuisse
1519 2647 1597 2725 puto

300 2747 468 2832 usquead
491 2748 679 2833 Septimium
703 2749 867 2816 Severum.
901 2750 1020 2816 etenim
1043 2748 1154 2816 (locuit
1170 2749 1350 2817 Wilmanns
1371 2751 1441 2832 (1111
1457 2752 1514 2835 Ip.
1524 2753 1597 2831 164)

300 2879 320 2924 6
335 2846 493 2942 Septimio
502 2857 622 2924 Severo
641 2858 1009 2943 ι666616666661166661
1033 2866 1065 2926 et
1081 2880 1197 2926 nomen
1220 2879 1409 2928 conversum
1425 2861 1459 2926 in
1471 2864 1597 2944 nonien,

298 2965 385 3049 quod
418 2975 468 3033 est
498 2964 869 3053 ι666616616616616616,
900 2978 932 3036 et
954 2975 1147 3054 potestatem
1167 2968 1272 3035 videri
1294 2976 1425 3037 auctam
1448 2990 1519 3037 esse
1542 2969 1595 3053 (cf.

298 3074 485 3142 Hirschfeld
521 3083 638 3143 unters.
668 3077 727 3143 auf
748 3077 779 3143 (1.
808 3078 881 3161 geb.
909 3077 940 3143 (1.
967 3097 1065 3144 roem.
1100 3077 1363 3162 verwaltgsgsch.
1397 3100 1427 3164 p.
1458 3081 1530 3162 249,
1552 3083 1596 3162 5).

299 3205 382 3268 quae
405 3185 433 3252 si
455 3207 530 3253 vere
553 3185 716 3269 disputata
739 3194 812 3254 sunt
834 3188 880 3269 (et
907 3207 979 3254 esse
1010 3207 1118 3254 omnes
1144 3177 1370 3270 consentiunt),
1406 3210 1445 3255 66
1467 3209 1596 3274 quoque

298 3317 332 3363 re
356 3305 547 3382 potestatem
579 3299 648 3365 cius
681 3302 820 3366 crevisse
842 3320 968 3381 censeo,
1003 3299 1088 3382 quod
1111 3300 1256 3382 regimen
1279 3299 1423 3384 equiturn
1447 3298 1593 3382 legionis,

298 3407 384 3490 quod
405 3409 530 3491 legatus
553 3407 691 3492 legionis
715 3417 811 3476 antea
832 3416 988 3491 tenuerat,
1019 3409 1061 3474 ab
1087 3407 1143 3474 illo
1166 3417 1310 3493 tempore
1331 3409 1373 3475 ad
1396 3409 1596 3492 praefectum

298 3517 468 3600 legionis⁴)
499 3517 641 3584 delatum
667 3525 717 3585 est
739 3519 792 3595 (ef.
816 3518 921 3603 Spart.
946 3518 1055 3584 Carae.
1079 3539 1106 3584 c.
1127 3519 1188 3600 6⁵),
1210 3539 1240 3584 n.
1262 3520 1326 3596 28).
1372 3517 1511 3601 denique
1532 3537 1596 3583 non

300 3666 498 3680 ψ-

401 3741 428 3808 1)
446 3739 482 3795 cf.
500 3740 541 3796 111
563 3741 662 3808 1590⁸3
681 3742 731 3796 ΕΕ
748 3740 787 3796 1v
807 3760 833 3812 p.
854 3741 945 3796 lbOE
964 3759 1090 3812 quaeque
1108 3741 1257 3796 adnotavit
1274 3739 1407 3796 Huebner
1420 3740 1456 3796 ad
1467 3740 1502 3809 ll,
1515 3739 1595 3793 2663.
1644 3743 1647 3750 ’

397 3830 427 3897 2)
446 3831 530 3885 semel
548 3829 607 3894 (ΕΕ
627 3830 664 3884 lV
683 3849 709 3901 p.
729 3833 790 3897 616)
809 3831 839 3885 16
856 3830 1035 3886 vexillationc
1060 3834 1141 3886 extra
1164 3829 1292 3885 ordinem
1318 3828 1477 3885 cohortium
1500 3845 1594 3884 recen·

299 3921 403 3972 santur.

398 4010 426 4074 3)
446 4007 566 4064 forsitan
584 4008 723 4078 quispiam
742 4008 927 4078 dubitaverit,
946 4008 1039 4063 sintne
1059 4008 1208 4079 legionarii
1229 4007 1336 4076 equites
1355 4023 1449 4074 necne,
1472 4022 1595 4076 praescr·

297 4097 350 4149 tim
369 4113 432 4150 oum
451 4096 519 4151 mihi
538 4097 612 4152 obici
630 4097 720 4167 possit
738 4097 854 4152 titulum
873 4100 999 4166 spectare
1018 4101 1098 4150 notas
1119 4097 1181 4150 illas
1200 4095 1316 4151 militias
1334 4096 1421 4163 (Suet.
1439 4095 1500 4149 061.
1515 4111 1538 4148 6.
1552 4096 1595 4157 38,

299 4183 395 4238 Claud.
414 4203 437 4240 c.
456 4185 511 4254 25).
542 4185 591 4240 666
619 4185 642 4240 61
665 4190 757 4241 666661
776 4186 886 4255 equites
905 4185 1003 4254 alares,
1032 4185 1091 4254 ‘pro
1111 4185 1212 4255 legato'
1230 4202 1311 4238 sensu
1330 4187 1447 4252 careret,
1466 4201 1530 4238 cum
1548 4183 1596 4252 qui

299 4271 456 4341 praefectus
475 4273 601 4342 equitum
620 4274 739 4329 alaniam
758 4279 809 4340 661,
828 4291 884 4328 666
905 4273 943 4327 611
962 4274 1022 4342 ‘pro
1041 4273 1151 4343 legato'.
1183 4271 1385 4343 intellegendos
1398 4272 1487 4342 igitur
1499 4290 1596 4328 censeo

299 4361 414 4430 equites,
435 4362 536 4431 quibus
555 4363 664 4433 legatus
683 4363 801 4434 legionis
821 4362 880 4432 ipsc
898 4361 1007 4416 solebat
1026 4361 1142 4431 proprie
1162 4378 1295 4430 praeesse.

397 4449 424 4517 4)
443 4450 484 4505 616
502 4450 683 4518 confirmatur
703 4456 731 4506 et
749 4451 841 4514 habet,
862 4468 917 4520 quo
936 4450 1054 4519 nitatur,
1072 4450 1101 4504 id
1121 4450 1196 4519 quod
1215 4450 1371 4519 suspicatus
1384 4454 1426 4504 est
1439 4450 1596 4505 Wilmanns

299 4539 327 4603 (l.
344 4541 388 4604 el:
407 4537 536 4593 ‘fortasse
564 4541 704 4608 potestate
732 4539 878 4608 [praefecti
898 4538 1027 4608 legionis]
1059 4537 1277 4606 muneribusque
1302 4539 1360 4593 eius
1386 4539 1476 4594 auctis
1494 4538 1534 4594 ita
1555 4541 1595 4606 ut,

298 4645 369 4700 quae
387 4627 529 4698 praefecto
548 4626 664 4682 adderet
685 4625 845 4696 [Septimius
863 4626 1003 4696 Severus],
1022 4626 1147 4682 demeret
1164 4627 1274 4698 legato’.

397 4719 426 4790 6)
446 4718 565 4792 ‘equites
593 4716 842 4774 extraordinarios²
872 4735 905 4772 eo
923 4717 983 4774 loeo
1003 4734 1054 4787 pro
1074 4716 1217 4787 equitibus
1237 4715 1355 4787 legionis
1374 4715 1430 4771 dici
1451 4715 1499 4770 vix
1520 4715 1592 4784 quis-
