3576 5536
768 1535 1119 1616 commentatio.

397 1745 523 1809 titulum
543 1745 672 1828 ¹primus
699 1745 800 1812 edidit
822 1746 979 1812 ReuIerus
1008 1746 1166 1829 (inscript,
1195 1767 1271 1812 rom.
1303 1745 1344 1811 de
1367 1745 1460 1828 I’Alg.
1483 1743 1516 1823 5)
1543 1742 1590 1804 In-

297 1859 426 1920 ventum
451 1853 483 1918 in
505 1853 669 1936 Numidia,
693 1854 873 1936 ltumbaesi,
901 1853 933 1920 in
958 1855 1083 1922 castris.
1127 1855 1233 1922 denuo
1255 1855 1390 1922 eontulit
1412 1853 1590 1918 Wilmanns

298 1962 384 2046 (CIL
403 1963 492 2046 VIII,
512 1964 616 2038 2532).
659 1964 717 2044 Aa,
741 1964 790 2029 Ab
819 1971 925 2030 cetera
943 1965 1135 2032 Wilmannsi
1165 1966 1260 2049 signa
1282 1971 1364 2030 suut.
1414 1961 1455 2028 de
1478 1958 1591 2025 ordine

298 2071 490 2156 fragminum
521 2075 654 2149 (certum
686 2081 735 2139 est
757 2074 807 2140 Ab
830 2096 850 2141 a
874 2073 921 2139 Bu
943 2075 1058 2158 excipi,
1094 2073 1119 2140 (1
1141 2083 1215 2142 ante
1237 2075 1289 2140 Db
1317 2073 1436 2138 dictum
1463 2067 1591 2134 videtur

298 2203 370 2248 csse
402 2202 431 2265 p.
462 2183 512 2263 25,
553 2181 593 2248 de
627 2184 742 2249 ceteris
773 2205 835 2250 non
871 2187 1020 2266 cunstat),
1058 2185 1099 2256 de
1128 2185 1245 2250 litteris
1278 2182 1469 2266 (gracilibus
1505 2179 1592 2260 ele),

297 2291 338 2358 de
362 2291 522 2358 Catrrlliuo
545 2293 651 2375 legato
675 2295 752 2370 (eos.
771 2295 854 2376 130),
877 2294 917 2360 de
939 2295 1051 2361 dlebus
1074 2297 1161 2374 (non.
1186 2295 1267 2378 Iul),
1290 2293 1330 2360 de
1353 2293 1433 2358 locis
1456 2292 1590 2372 (Zarai),

298 2400 413 2467 ceteris
440 2401 513 2468 vide
542 2401 696 2468 adnotata
719 2403 790 2469 dtu
813 2404 899 2482 VIII,
922 2405 1013 2468 2532.
1058 2403 1098 2468 dc
1129 2411 1271 2488 tempore
1304 2403 1389 2468 tituli
1418 2425 1448 2469 v.
1477 2403 1592 2467 Dnerri

296 2509 411 2576 librum
430 2510 495 2575 ‘dic
517 2512 623 2578 reisen
646 2511 703 2578 des
726 2513 852 2579 kaisers
867 2503 1023 2578 Hadrian'
1046 2511 1203 2596 (ubhdlgn
1228 2511 1258 2576 d.
1282 2513 1368 2579 arch.
1391 2513 1492 2596 epigr.
1514 2532 1589 2577 sem.

297 2619 328 2686 d.
352 2621 438 2686 univ.
463 2620 557 2687 Wien
580 2622 621 2703 II,
645 2623 748 2705 1881),
771 2623 825 2705 qui
849 2623 1016 2707 probabile
1042 2621 1133 2688 duxit
1156 2624 1199 2707 (p.
1215 2621 1270 2704 40)
1284 2621 1485 2688 Hadrianum
1507 2641 1591 2685 anno

169 2788 172 2795 .
301 2732 359 2794 128
382 2730 415 2795 in
437 2731 550 2797 Africa
576 2731 677 2798 fuisse
705 2727 828 2818 [eontra
849 2731 1025 2797 Mommsen
1050 2731 1134 2810 (CIL
1158 2732 1236 2796 VIII
1258 2731 1361 2814 praef.
1383 2752 1413 2814 p.
1435 2730 1529 2810 XXI)
1552 2731 1593 2794 ob

297 2832 424 2905 tilulum
433 2837 524 2905 ’2533
547 2840 713 2907 Hadriano
735 2861 820 2906 anuo
845 2841 903 2906 120
928 2838 1112 2907 dedicatum
1135 2841 1276 2924 praefert
1297 2860 1415 2906 annum
1440 2834 1520 2924 120).
1553 2839 1594 2904 de

297 2948 453 3014 Numidia
479 2951 519 3015 ol.
543 2949 744 3033 Marquardti
773 2970 870 3016 roem.
899 2951 1136 3016 stautsverw.l
1164 2970 1194 3032 p.
1217 2951 1278 3015 305
1291 2970 1370 3032 sqq,
1398 2948 1438 3014 de
1465 2949 1533 3015 elus
1560 2967 1594 3012 re

297 3058 429 3125 militari
453 3059 522 3124 OIL
543 3060 621 3124 VIII
644 3061 743 3142 praef.
767 3080 798 3144 p.
814 3060 896 3124 XIX
907 3079 976 3143 sqq.
1359 3135 1363 3146 ¹

340 3167 589 3252 orthographiae
618 3170 745 3235 nomiue
772 3188 927 3235 memoro:
959 3175 1037 3251 aput
1070 3168 1133 3248 (Ab
1157 3169 1215 3250 2),
1239 3167 1309 3251 quit
1340 3169 1401 3249 (Ba
1422 3170 1470 3246 0);
1504 3186 1594 3232 ecum

168 3333 174 3342 .
297 3278 364 3358 (Db
387 3278 433 3358 6);
466 3279 611 3362 caespite
635 3278 695 3358 (Bb
716 3280 746 3360 4,
780 3279 820 3344 cf.
844 3279 931 3343 Plan.
954 3280 1050 3362 gloss.
1075 3298 1104 3360 p.
1122 3281 1169 3342 ’23
1192 3277 1241 3343 ed.
1265 3278 1422 3356 Deuerl.);
1454 3275 1594 3360 stipendi

298 3388 361 3464 (Aa
382 3389 430 3466 8);
458 3387 598 3453 contrari
627 3387 692 3467 (Db
715 3389 763 3468 4);
794 3388 934 3453 centurie
958 3388 1020 3466 (Ab
1044 3389 1077 3461 53
1107 3385 1145 3451 cl'.
1170 3375 1315 3451 ‘colonis'
1343 3387 1375 3449 in
1403 3405 1486 3449 mon.
1516 3385 1594 3450 Aue.

298 3517 326 3563 c.
351 3499 398 3579 15,
429 3518 457 3562 v.
480 3496 588 3580 Bergk
611 3497 643 3561 in
667 3503 835 3562 comment.
858 3517 888 3580 p.
912 3497 981 3577 51);
1008 3495 1123 3580 glarie,
1156 3496 1253 3578 vulgo
1272 3485 1404 3578 ‘glarea'
1426 3489 1476 3580 [el.
1499 3493 1593 3558 Ribb.

298 3605 391 3689 proll.
416 3606 509 3690 Verg.
533 3627 563 3690 p.
586 3606 657 3670 417.
683 3605 806 3672 Charis.
830 3627 860 3689 p.
886 3606 937 3686 70,
960 3607 999 3669 27
1017 3601 1079 3690 Κ.)

340 3716 520 3781 nomiuatur
541 3716 653 3780 titulus
676 3716 773 3797 vulgo
792 3711 907 3780 ‘oratio
930 3703 1205 3794 Lambaesitana';
1241 3712 1299 3778 sed
1326 3733 1429 3796 neque
1457 3719 1506 3779 est
1531 3733 1596 3778 una

298 3825 401 3890 oratio
424 3845 527 3908 neque
547 3845 609 3890 uno
625 3825 696 3891 loco
717 3844 820 3890 unove
836 3831 979 3907 tempore
995 3823 1117 3904 habita,
1140 3829 1215 3888 sunt
1231 3823 1339 3905 plures
1355 3843 1417 3888 uon
1433 3823 1595 3889 orationes

298 3933 357 4000 sed
379 3934 611 4001 adlocutiones.
896 3917 898 3924 ’

340 4043 553 4110 adlocutionis
586 4045 735 4127 exempla
766 4051 892 4126 praeter
922 4063 1029 4110 rerum
1063 4042 1235 4127 scriptores
1272 4042 1428 4124 praebent
1460 4046 1593 4118 statuae,

298 4153 358 4218 col.
382 4153 478 4230 Trai,
499 4153 621 4218 nummi
642 4153 729 4236 apud
754 4152 853 4218 llckh.
877 4153 930 4230 VI,
955 4154 1025 4216 221.
1048 4153 1118 4217 268.
1142 4152 1219 4230 503;
1244 4150 1315 4232 VII,
1337 4151 1409 4214 401.
1433 4152 1503 4215 503.
1524 4151 1594 4214 512.

299 4261 338 4327 el.
366 4261 486 4327 Fronto
515 4283 544 4346 p.
568 4264 629 4327 200
658 4261 707 4328 ed.
736 4261 827 4340 Nab,
857 4262 941 4345 Hyg.
971 4283 997 4327 e.
1023 4263 1070 4326 II.
1116 4261 1157 4326 ab
1179 4260 1370 4327 Ouasandro
1392 4261 1417 4342 I,
1443 4263 1480 4324 13
1503 4279 1594 4342 prac-

300 4372 459 4448 scribitur,
490 4379 523 4437 ot
551 4372 616 4438 dux
652 4371 821 4455 eligendus
849 4372 893 4438 sit
924 4371 1054 4438 dicendi
1081 4371 1202 4455 peritus
1230 4364 1353 4450 (ἱκανὸς
1379 4368 1503 4453 λέγειν).
1554 4369 1594 4434 ef.

299 4481 447 4564 Xenopb.
475 4474 673 4565 ἱππαρχικός
701 4483 730 4565 8,
760 4483 809 4546 22.
865 4480 932 4547 Leo
965 4487 1039 4548 laet.
1068 4479 1117 4545 ed.
1146 4480 1261 4546 Meurs.
1292 4481 1334 4562 Il,
1362 4482 1416 4557 333
1451 4480 1521 4561 VII,
1545 4481 1594 4544 20.

298 4610 450 4673 anonym.
474 4590 607 4674 Byzant.
631 4590 747 4657 rhetor.
773 4592 862 4658 milit.
889 4593 939 4658 51.
967 4593 1007 4657 54
1032 4591 1096 4672 (ed.
1121 4589 1266 4674 Koechly
1295 4591 1329 4655 in
1359 4611 1464 4674 progr.
1488 4588 1594 4654 Turio.

302 4696 406 4784 1856).
