3576 5536
858 383 1066 448 ..40-

311 575 343 633 et
364 567 473 651 paullo
496 567 569 650 plus
592 569 626 632 in
648 567 772 650 vigiliis
796 575 911 634 essent.
934 567 1022 651 quod
1042 569 1098 650 qni
1114 573 1279 651 praestaro
1293 567 1468 651 pollebant,
1484 566 1605 650 stipen-

311 677 374 743 diis
396 676 537 761 peractis
559 677 721 760 aptissimi
744 697 822 744 sane
845 684 939 744 erant
961 679 1086 744 muneri
1108 675 1218 760 vigilis
1243 675 1491 760 suscipiendo).

352 785 523 869 Vegetinm
552 785 652 869 igitur
679 786 951 870 deprehendimus
981 787 1066 852 falsa
1088 785 1276 852 tradentem.
1321 785 1378 852 sed
1401 787 1605 869 ignoscamus

310 896 393 970 ei²t;
427 894 456 960 si
478 894 544 960 alio
565 896 637 962 loco
660 914 737 961 vera
759 896 861 974 docet,
891 895 988 962 etiam
1012 895 1151 978 gratiam
1174 894 1359 960 habeamus.
1404 915 1443 960 ao
1463 893 1605 978 profecto

310 1003 406 1087 primi
438 1002 511 1068 libri
534 1024 560 1069 o.
583 1004 623 1068 27
656 1009 744 1070 extat
774 1006 986 1088 fragmentum
1019 1024 1059 1070 ex
1080 1007 1261 1088 praeceptis
1285 1003 1406 1083 illius³)
1435 1009 1605 1085 servatum,

311 1113 366 1196 qui
387 1113 512 1196 equites
534 1112 672 1196 legionis
694 1112 727 1177 in
750 1113 912 1180 centurias
927 1110 1078 1179 divisisse
1092 1110 1219 1178 dIcitur.
1254 1113 1282 1178 is
1297 1133 1373 1179 vero
1392 1113 1517 1195 equites
1530 1132 1605 1178 suos

311 1222 475 1288 ambulare
497 1221 587 1288 iubet
608 1221 732 1288 divisos
756 1243 814 1305 per
835 1230 966 1288 turmas.
1000 1241 1038 1288 eo
1059 1223 1130 1288 loco
1146 1242 1215 1288 curn
1229 1241 1339 1288 omnes
1354 1221 1604 1304 equiteseadem

311 1333 436 1398 ratione
457 1331 618 1416 proficisci
638 1333 817 1411 iubeantur,
842 1331 1040 1415 legionarios
1063 1352 1189 1416 quoque
1212 1333 1336 1414 equites
1359 1331 1522 1398 turmatim
1534 1352 1605 1415 pro·

311 1439 411 1506 foetos
434 1461 505 1536 esse
528 1442 596 1508 iure
618 1442 864 1526 suspicabimur.
888 1448 1014 1508 etcum
1039 1443 1111 1524 quis
1136 1443 1155 1506 l.
1181 1442 1214 1506 II
1236 1463 1262 1508 c.
1287 1442 1324 1505 14
1347 1441 1469 1524 legerit,
1492 1441 1520 1505 si
1537 1441 1605 1523 qni-

217 1635 220 1645 ,
311 1548 384 1614 dem
403 1549 444 1617 de
466 1549 629 1634 equitibus
656 1553 717 1634 leg.
746 1551 793 1618 ibi
815 1551 967 1634 agitur),
1000 1570 1049 1634 eq.
1073 1551 1134 1634 leg.
1159 1551 1192 1616 in
1215 1558 1337 1618 turmas
1359 1551 1482 1618 divisos
1506 1550 1606 1616 fuisse

312 1681 375 1724 non
398 1659 561 1726 dubitabit
582 1660 720 1726 credere.
786 1705 788 1709 -
846 1719 866 1748 2,

353 1790 417 1834 non
440 1770 545 1853 mirer,
568 1772 597 1836 si
620 1771 702 1853 quis,
731 1790 804 1836 com
830 1769 930 1836 dubia
954 1769 1080 1852 Vegetii
1104 1768 1168 1834 fide
1190 1769 1299 1836 omnia
1321 1789 1416 1854 posse
1438 1767 1607 1834 videantur

312 1876 453 1956 defendi,
485 1880 658 1944 etiamnum
681 1880 835 1962 ambigat,
862 1879 1021 1946 fuerintne
1044 1897 1154 1944 revera
1176 1879 1302 1961 equites
1324 1879 1463 1964 legionis
1486 1880 1518 1942 in
1542 1885 1605 1942 tur·

312 2007 380 2053 mas
410 1986 508 2055 divisi
535 2007 646 2054 necne.
684 2007 810 2054 omnem
838 2007 914 2053 vero
937 1985 1169 2052 dubitationem
1192 2007 1380 2070 persuasum
1409 1987 1513 2052 habeo
1538 1986 1606 2052 fore

311 2102 346 2162 ut
374 2097 482 2180 pellat,
515 2098 544 2163 si
578 2097 651 2178 quis
682 2098 811 2162 nomina
843 2095 1061 2162 vexillationis
1089 2096 1138 2160 XI
1172 2095 1328 2162 Claudiae
1362 2097 1607 2182 perlustraverit

311 2205 379 2286 (nn
403 2206 447 2272 IV
470 2227 499 2290 p.
522 2207 607 2288 524).
652 2207 794 2272 inveniet
828 2207 914 2272 enim
946 2211 1089 2271 extremo
1113 2206 1268 2272 laterculo
1291 2206 1496 2273 decurionem
1521 2206 1607 2287 (cum

311 2314 476 2400 equite⁵)).
506 2335 602 2399 quern
624 2335 687 2381 non
711 2315 858 2399 potuisse
881 2314 945 2380 nisi
967 2321 1091 2381 turmae
1114 2335 1265 2400 praeesse
1289 2322 1423 2383 constat.
1447 2318 1474 2382 is
1497 2315 1608 2380 titulus

413 2496 439 2561 l)
457 2500 654 2564 praeterquam
677 2494 752 2564 qnod
770 2511 851 2548 nemo
869 2492 1013 2548 hominum
1032 2494 1082 2548 tali
1102 2493 1195 2548 officio
1214 2494 1375 2550 satisfacere
1392 2499 1493 2563 potest,
1520 2511 1605 2562 supra

233 2631 235 2637 .
313 2581 457 2636 docuimus
479 2583 601 2651 equitem
620 2584 674 2653 leg.
694 2583 800 2637 maiore
818 2582 958 2653 dignitate
975 2582 1059 2636 fnisse
1078 2600 1160 2651 qnam
1181 2583 1313 2652 peditem.
1353 2582 1388 2637 ob
1408 2582 1437 2636 id
1457 2582 1608 2636 maioribus

271 2689 272 2694 ¹
312 2671 464 2726 commodis
484 2672 540 2726 frui
560 2672 692 2738 debebat;
711 2672 843 2742 Vegetius
862 2689 928 2726 vero
949 2671 1093 2726 laboribus
1111 2675 1210 2726 onerat
1228 2672 1333 2726 totiens
1355 2671 1517 2740 maioribus,
1540 2663 1606 2741 qu'o·

312 2760 384 2814 tiens
403 2777 519 2815 numero
538 2761 646 2830 pedites
665 2760 855 2830 praestabant.
1573 2821 1574 2826 ,

410 2849 439 2916 2)
458 2849 517 2919 ipse
540 2868 568 2904 se
592 2850 622 2904 id
641 2849 716 2919 quod
734 2848 877 2918 scripserit
896 2866 951 2902 non
971 2849 1038 2903 satis
1056 2849 1229 2904 intellexisse
1249 2849 1367 2904 fatetur:
1399 2849 1563 2918 ‘descriptio
1584 2851 1607 2904 44

310 2936 455 2991 obscurior
474 2942 523 2992 aut
541 2938 696 3008 impolitior
715 2937 866 3007 videbitur,
889 2955 944 2991 non
965 2936 1035 2991 mihi
1053 2937 1108 2992 sad
1126 2937 1290 2992 difficultati
1309 2937 1395 3007 ipsius
1414 2937 1455 2991 rei
1478 2938 1609 2992 convenit

313 3023 455 3093 imputari’
473 3026 520 3094 (ΙΙ,
540 3027 579 3094 4).

410 3113 439 3182 3)
459 3131 493 3168 ex
512 3113 758 3168 constitutionibus
777 3113 922 3175 Hadriani,
941 3131 1012 3182 qnae
1031 3113 1054 3166 si
1073 3131 1128 3167 non
1147 3113 1223 3180 ipseo
1242 3117 1318 3168 corio
1338 3132 1388 3182 por
1410 3114 1608 3169 Tarrutenium

310 3201 462 3256 Paternum
481 3201 597 3274 Vegetio
617 3203 651 3272 (Ι,
670 3204 699 3270 8)
720 3206 802 3260 44444
821 3206 889 3256 erat.
927 3201 962 3255 cf.
981 3201 1018 3254 Μ.
1039 3202 1145 3256 Schanz
1166 3201 1260 3256 Herm.
1280 3202 1342 3256 XVI
1362 3222 1389 3272 p.
1412 3206 1461 3256 137
1475 3222 1534 3272 sqq.

411 3291 440 3359 4)
458 3291 543 3361 vulgo
553 3291 757 3362 intelleguntur
766 3289 873 3360 equites
883 3290 1010 3360 legionis,
1017 3290 1183 3359 etpleraque
1192 3291 1366 3346 conveniunt.
1380 3291 1498 3346 offendit
1506 3298 1608 3360 tamen,

312 3377 388 3445 quod
417 3377 530 3432 decurio
556 3379 649 3452 mittit
669 3380 787 3450 sagittas
807 3379 951 3446 (Foerster
971 3396 998 3448 p.
1018 3379 1077 3446 44).
1114 3378 1189 3446 quod
1208 3396 1292 3448 snpra
1314 3380 1353 3447 (p.
1374 3380 1420 3446 37)
1440 3379 1608 3448 vituperavi·

311 3483 380 3530 mus,
398 3465 444 3520 hio
462 3483 572 3535 quoque
591 3468 721 3522 occurrit.
745 3468 844 3522 miscet
863 3467 937 3520 enim
956 3467 1089 3536 Vegetius
1109 3467 1234 3535 equitum
1253 3485 1357 3538 genera
1380 3485 1470 3536 nequo
1489 3469 1555 3522 solis
1573 3469 1608 3523 de

311 3551 472 3622 legionariis
491 3558 541 3608 aut
559 3554 624 3608 solis
643 3555 677 3609 dc
696 3555 880 3610 auxiliaribus
901 3555 1027 3623 loquitur
1046 3554 1094 3608 sed
1114 3555 1261 3610 confundit
1280 3560 1421 3624 utrosque.
1460 3557 1608 3611 consilinm

312 3659 377 3694 sane
396 3640 506 3713 Vegetii
532 3643 702 3713 postulabat,
733 3648 766 3697 ut
789 3661 857 3697 unos
881 3643 1050 3714 legIonarios
1078 3649 1322 3708 commemoraret;
1353 3644 1428 3713 qnod
1452 3662 1534 3712 qnam
1553 3661 1609 3700 non

312 3733 421 3784 secutus
440 3730 485 3798 444,
504 3730 678 3785 demonstrat
696 3731 826 3786 Foerster
846 3734 881 3800 (p.
902 3733 955 3796 23).
982 3735 1092 3785 turmae
1109 3731 1234 3800 equitum
1253 3732 1372 3802 legionis
1387 3749 1454 3784 nnnc
1465 3732 1609 3787 hominum

311 3817 431 3870 XXXIII
450 3817 563 3880 fuerint,
582 3818 698 3872 dubium
717 3819 765 3872 sed
783 3835 838 3872 non
854 3819 1018 3873 incredibile
1035 3818 1160 3873 videtur:
1182 3836 1304 3873 summus
1323 3837 1389 3873 vero
1410 3825 1451 3874 est
1471 3821 1495 3874 is
1513 3839 1609 3876 nume·

309 3923 356 3958 rus
382 3905 546 3960 indicandus
573 3923 663 3975 neque
685 3907 784 3961 solitus
808 3911 836 3960 44
861 3912 997 3974 44444444,
1025 3911 1074 3962 444
1098 3907 1266 3961 eredendum
1296 3908 1368 3962 CXX
1388 3910 1504 3977 equites.
1539 3929 1609 3979 quos

312 3994 403 4062 primo
422 3995 531 4048 saeculo
550 3995 714 4063 invenimus,
733 4013 790 4049 non
810 3996 840 4048 in
857 3994 883 4048 X
902 3997 949 4050 sed
968 3997 998 4048 in
1016 3995 1055 4049 IV
1079 4000 1186 4049 turmas
1210 3995 1295 4050 fuisse
1313 3996 1425 4050 divisos.
1461 4015 1517 4052 non
1536 4000 1607 4053 onim

311 4100 421 4136 necesse
439 4087 481 4136 est
499 4088 568 4150 quot
585 4083 713 4138 cohortes
732 4083 859 4152 peditum
878 4087 922 4138 tot
940 4089 1047 4138 turmas
1068 4085 1197 4152 equiturn
1215 4083 1301 4138 fnisse
1320 4114 1353 4124 -
1369 4104 1539 4156 quamquam
1552 4089 1608 4157 ple-

311 4189 430 4240 rumque
458 4171 588 4225 videntur
617 4171 710 4240 fuisse,
738 4172 871 4240 quoniam
890 4189 932 4242 eq.
953 4173 1007 4246 leg.
1030 4173 1185 4226 matriculis
1204 4173 1362 4227 cohortium
1382 4175 1510 4245 inseripti
1530 4183 1610 4231 erant

313 4259 360 4326 (of.
381 4278 407 4328 p.
425 4261 481 4328 39).
517 4265 634 4329 apparet
659 4266 752 4315 tamen
781 4279 927 4315 numerum
955 4262 1040 4315 444444
1070 4279 1103 4315 ex
1133 4263 1234 4316 turmis
1262 4263 1370 4316 alarum
1401 4265 1522 4332 petitum
1542 4284 1608 4330 esse,

312 4366 383 4418 quae
400 4347 519 4402 XXXIII
538 4350 645 4420 equites
664 4350 808 4405 continere
826 4351 954 4405 solebant
973 4349 1021 4418 (44.
1034 4350 1092 4404 CIL
1104 4349 1150 4418 Vl,
1161 4352 1235 4418 228).
1254 4369 1309 4405 non
1318 4360 1393 4407 44414
1403 4353 1542 4423 Foerster,
1561 4356 1609 4424 qui

312 4441 351 4506 (p.
366 4436 408 4508 10)
420 4437 541 4506 probare
552 4438 693 4493 studuerit
703 4457 744 4508 eq.
756 4439 808 4509 leg.
820 4439 849 4492 in
860 4439 1000 4493 centurias
1011 4438 1178 4493 distributos
1190 4438 1283 4507 fnisse,
1296 4439 1349 4494 hoc
1362 4447 1445 4510 capnt
1457 4441 1492 4495 ad
1503 4443 1610 4512 equites

312 4524 480 4594 legionarios
498 4525 585 4580 refert
604 4529 640 4594 (p.
660 4528 716 4594 45),
736 4526 802 4595 quia
821 4544 877 4580 non
895 4527 977 4581 simul
996 4527 1025 4581 in
1045 4531 1151 4580 turmas
1171 4532 1199 4581 et
1219 4527 1247 4580 in
1260 4528 1400 4583 centurias
1409 4529 1497 4582 dividi
1507 4530 1608 4598 potuit.

412 4615 440 4680 b)
463 4613 569 4667 conicio
588 4613 645 4666 tria
668 4614 861 4683 (quattuorve)
882 4615 1007 4683 equitum
1022 4615 1238 4685 legionariorum
1252 4615 1366 4670 nomina
1379 4617 1481 4678 deesse,
1495 4618 1609 4673 simodo

313 4703 351 4771 (p.
372 4702 419 4770 36)
445 4705 520 4756 44444
547 4702 696 4755 statuimus
719 4720 866 4757 numerum
887 4704 1015 4772 equitum
1033 4704 1152 4773 legionis
1170 4705 1260 4758 solere
1279 4704 1415 4759 decimam
1434 4710 1462 4760 et
1482 4708 1610 4776 quintam

312 4790 372 4844 fere
392 4807 451 4844 esse
468 4795 579 4859 partem
596 4790 719 4845 militum
738 4790 864 4862 legionis.
