3576 5536
845 411 1055 476 ...14-

299 598 462 682 appellatl'
477 597 628 665 videntur
650 617 731 681 esso,
760 598 788 665 si
812 599 942 682 quidem
972 597 1096 682 aliquid
1125 599 1233 665 verbis
1261 598 1415 666 inhaeret.
1458 607 1598 668 ceterum

300 707 392 772 titulo
428 706 488 772 hoc
522 709 644 792 primos
679 707 809 774 ordines
848 717 879 775 et
917 716 1041 776 ceteros
1075 710 1279 774 centuriones
1307 711 1467 777 nominari
1502 712 1598 795 quasi

304 816 425 884 diversi
448 818 577 901 generis
599 816 745 884 homines
768 820 975 886 memorabile
998 826 1055 885 est.

249 943 277 1007 l.
349 929 420 1027 ‘eq
449 921 534 1026 δέρμ’
551 965 580 1010 v.
597 958 766 1010 excursum
789 944 829 1011 de
845 945 1006 1028 equitibus
1025 945 1163 1029 legionis
1187 947 1255 1011 sive
1269 946 1456 1028 legionariis
1480 946 1597 1012 aetatis

301 1055 526 1137 imperatoriae
557 1052 643 1118 inl'ra
670 1055 882 1120 subiunctum.
939 1075 1031 1137 quem
1060 1056 1107 1120 ita
1135 1055 1341 1136 instituimus,
1369 1063 1413 1133 ut,
1443 1062 1599 1138 quotquot

299 1162 485 1228 testimonia
497 1172 709 1238 occurrerent,
725 1166 958 1247 conligeremus
974 1164 1193 1248 temporisque
1204 1163 1317 1230 ordine
1330 1183 1597 1247 enumeraremus,

299 1271 385 1354 qnod
409 1291 512 1356 neque
536 1273 615 1339 haec
636 1275 787 1339 materies
810 1272 915 1338 adhue
939 1280 1078 1339 tractata
1109 1280 1158 1338 est
1185 1280 1216 1340 et
1239 1293 1310 1338 cum
1331 1274 1373 1339 ad
1396 1275 1597 1340 coniecturas
1665 1313 1670 1319 ·

300 1380 471 1447 nonnullas
494 1380 712 1466 profligandas
734 1389 800 1447 tum
825 1382 864 1447 ad
889 1383 971 1448 alias
994 1403 1046 1448 res
1069 1383 1200 1448 multum
1224 1381 1257 1448 id
1280 1385 1387 1449 valere
1411 1385 1480 1467 ipse
1503 1385 1595 1449 intel·
1777 1373 1778 1384 ’

299 1492 397 1576 leges.
447 1500 572 1576 tempus
605 1492 771 1558 titulorum
800 1512 948 1575 magnam
982 1499 1105 1577 partem
1140 1513 1197 1558 nos
1229 1491 1447 1568 delinivimus;
1481 1492 1596 1558 incerti

299 1621 425 1685 quoque
446 1601 600 1686 temporis
622 1602 733 1668 titulos
751 1601 992 1686 adscripsimus.
1022 1603 1170 1684 quaestio
1185 1603 1235 1668 vel
1252 1601 1293 1666 ob
1315 1621 1385 1666 eam
1409 1622 1475 1668 rem
1499 1600 1597 1685 digna

299 1711 378 1778 mihi
402 1710 572 1778 videbatur
594 1731 676 1794 quae
700 1713 928 1793 institueretur,
957 1711 1044 1794 quod
1065 1711 1128 1776 viri
1156 1709 1243 1777 docti
1266 1710 1426 1794 equitibus
1457 1711 1596 1795 legionis

298 1822 332 1886 in
355 1820 581 1887 constituenda
603 1839 638 1886 re
660 1821 789 1886 militari
814 1824 930 1886 aetatis
954 1823 1181 1906 imperatoriae
1205 1821 1300 1887 nimis
1323 1822 1415 1886 abusi
1437 1829 1519 1888 sunt.
1563 1822 1595 1889 id

299 1931 394 1996 velim
418 1931 577 2014 imprimis
601 1943 777 2014 cognoscas
801 1931 928 2014 Vegetii
951 1917 1060 2013 tidem,
1088 1938 1242 2013 quantum
1264 1931 1305 1996 ad
1328 1930 1411 1996 hano
1434 1951 1500 1997 rem
1525 1951 1594 2016 per-

298 2039 523 2118 tinctile),
555 2041 772 2106 examinatam
800 2047 832 2106 et
860 2041 955 2124 plane
987 2041 1107 2105 nullam
1135 2042 1295 2106 inventam
1324 2059 1405 2106 esse.
1450 2043 1595 2124 sequitur

299 2155 451 2232 utquam
475 2149 624 2215 Foerster
649 2151 750 2216 lretus
772 2150 900 2232 Vegetii
921 2149 962 2214 de
991 2151 1162 2232 equitibus
1182 2152 1245 2232 leg.
1274 2149 1456 2214 testimonio
1485 2147 1532 2230 (et
1553 2148 1593 2212 M.

298 2258 424 2324 Sohauz
446 2258 553 2323 Herm.
568 2259 643 2324 XVI
659 2279 690 2342 p.
709 2261 781 2338 137)
804 2259 970 2326 Hadriano
993 2279 1028 2325 se
1051 2259 1217 2325 vindicare
1241 2279 1336 2343 posse
1360 2258 1593 2326 ordinationem

297 2368 434 2450 legionis
459 2367 594 2452 putavit,
618 2368 826 2434 fundamento
850 2376 967 2434 careat.

243 2480 272 2544 9.
336 2471 475 2543 ‘loricati
498 2469 746 2562 iaculationem.'
769 2479 808 2544 de
831 2485 994 2544 armatura
1016 2480 1158 2561 equitum
1181 2479 1317 2561 legionis
1340 2498 1368 2544 v.
1385 2477 1446 2542 los.
1472 2476 1501 2541 b.
1524 2475 1592 2542 lud.

298 2588 357 2670 III,
374 2590 402 2670 5,
425 2589 458 2652 5:
481 2590 552 2664 τοῖς
572 2585 607 2650 δέ
623 2579 762 2650 ῖππεῦοι
777 2581 921 2668 μάχαιρα
933 2585 992 2668 μὲν
1007 2585 1041 2650 ἐκ
1057 2587 1165 2667 δεξιοῦ
1187 2582 1295 2669 μακρὰ
1316 2585 1370 2650 καὶ
1385 2579 1501 2662 κοντδς
1522 2583 1592 2650 ἐπι-

296 2692 402 2782 μήκης
429 2695 462 2760 έν
489 2695 581 2778 χειρὶ,
608 2696 732 2778 διρεδς
760 2694 796 2760 δέ
825 2693 913 2780 παρὰ
940 2692 1084 2778 πλεορδν
1111 2695 1221 2759 ἵππου
1249 2691 1394 2778 πλάγιος,
1428 2693 1481 2758 καί
1509 2689 1591 2758 κατολ

298 2806 444 2889 γωρυτοῦ
473 2799 693 2888 παρήρτηνται
722 2807 810 2888 τρεῖς
838 2797 858 2890 ἢ
887 2803 1031 2882 πλείοιςγ
1048 2795 1190 2888 δκοντες,
1222 2804 1359 2881 πλατεῖς
1384 2802 1443 2886 μέν
1464 2801 1591 2888 αἰχμὰς,

299 2909 360 2978 οδκ
381 2907 579 2990 ἀποδέοντες
605 2911 641 2977 δὲ
663 2908 810 2994 δοράτων
834 2912 986 2997 μέγεθος.
1030 2909 1130 2998 κράνη
1153 2912 1189 2978 δὲ
1215 2913 1268 2977 καὶ
1291 2908 1441 2995 θώρακες
1469 2910 1594 2996 ὁμοίιος

297 3027 369 3102 τοῖς
391 3024 505 3106 πεζοῖς
528 3017 658 3088 ἅπασιν.
695 3022 735 3088 cf.
758 3029 828 3088 Arr.
852 3043 880 3088 a.
905 3030 979 3089 tant.
1000 3025 1029 3103 4,
1054 3026 1082 3089 7.
1107 3025 1138 3088 8.
1160 3025 1188 3088 9.
1224 3022 1467 3089 Lindensohmil
1488 3023 1594 3089 traeht

298 3155 328 3199 u.
350 3133 521 3217 bewaffng.
545 3133 575 3198 d.
600 3153 695 3198 roem.
718 3131 804 3198 hear.
829 3133 929 3200 whrd.
954 3133 985 3199 d.'
1007 3133 1169 3216 kaiserat,
1193 3135 1283 3208 1882,
1304 3153 1335 3214 p.
1357 3134 1386 3198 4.

199 3239 289 3302 9.10.
337 3239 577 3310 ‘iaculationem
598 3244 797 3328 perageretis
819 3296 825 3310 .
848 3293 855 3306 .
880 3291 886 3305 .
907 3235 924 3308 .'
955 3243 1068 3310 deesse
1095 3243 1291 3310 adiectivum
1313 3241 1392 3307 milri
1424 3240 1594 3307 videbatur

294 3353 497 3418 referendum
523 3353 564 3418 ad
587 3343 838 3418 ‘iaculationem'
861 3352 1045 3435 significans
1068 3352 1272 3418 iaculationls
1304 3371 1405 3432 genus
1429 3349 1590 3433 quoddam

201 3501 204 3507 ·
294 3461 497 3546 perdifficile.
542 3482 616 3527 nam
642 3481 761 3545 magua
789 3461 884 3527 laude
914 3469 1010 3544 atque
1033 3461 1246 3528 admiratione
1276 3461 1408 3544 dignum
1431 3480 1494 3525 non
1523 3460 1594 3543 luit,

295 3571 324 3637 si
352 3573 477 3654 equites
507 3571 645 3655 legionis
676 3571 810 3648 loricati,
846 3580 881 3638 ut
910 3591 982 3636 esse
1012 3572 1168 3650 solebant,
1196 3572 1375 3654 simplicem
1403 3570 1594 3652 solitamque

298 3681 527 3748 iaculationem
550 3682 761 3766 peregissent.
801 3683 941 3766 cogitavi
970 3681 1010 3746 de
1033 3681 1228 3746 iaculatione
1250 3681 1385 3764 petrina.
1430 3679 1463 3745 in
1485 3699 1594 3745 excur-

300 3791 390 3856 sione
413 3790 498 3855 enim
522 3789 662 3871 quadam
686 3790 799 3874 optimi
822 3790 947 3873 equites
970 3789 1081 3855 ordine
1104 3788 1217 3854 relicto
1238 3795 1429 3873 procurrunt
1444 3789 1597 3872 paullum,

299 3900 365 3966 tela
387 3901 535 3964 emittunt
557 3897 588 3963 in
611 3901 933 3983 praeterequitantes‚
957 3905 1116 3984 peragunt
1139 3905 1360 3964 convertentes
1383 3917 1454 3964 sese
1476 3899 1597 3963 iacula-

298 4011 426 4086 tionem,
456 4028 539 4091 quae
567 4008 679 4092 lingua
701 4007 863 4074 Celtarum
892 4009 1020 4094 petrina
1047 4007 1169 4083 dicitur,
1198 4009 1340 4073 omnium
1363 4005 1596 4074 difficillimam.

297 4117 414 4184 Arma.
436 4123 512 4184 tect.
536 4135 562 4183 o.
586 4119 641 4208 37:
665 4116 712 4201 (2)
733 4112 854 4200 μεταξδ
876 4117 912 4182 δέ
934 4112 973 4204 δὴ
995 4119 1054 4182 τοῦ
1075 4141 1110 4182 τε
1136 4117 1247 4198 δεξιοῦ
1269 4115 1372 4198 κέρως
1393 4117 1451 4200 τῆς
1471 4109 1599 4196 τάξεως

298 4224 352 4290 καὶ
373 4228 434 4312 τῆς
455 4225 624 4315 προβολῆς
644 4229 717 4291 τοῖν
731 4227 824 4292 δυοῖν
846 4221 982 4290 ἱππέοιν
998 4225 1032 4290 ἐκ
1051 4233 1111 4290 τοῦ
1126 4216 1273 4311 δφανοῦς
1292 4217 1410 4301 ἱππεῖς
1432 4222 1596 4304 ἐκθέουσι,

298 4334 566 4416 προϊππεύοντες
586 4335 645 4418 μὲν
666 4327 761 4400 corel
783 4344 841 4423 τῆς
863 4331 985 4412 οἰκείας
1007 4334 1139 4416 τάξεως,
1159 4325 1389 4415 Ιολκοντῖζοντες
1410 4331 1446 4397 δὲ
1469 4332 1502 4411 ἒς
1521 4328 1600 4411 τοδς

299 4439 588 4527 παριππεύοντας·
602 4444 655 4509 καί
670 4433 800 4522 τούτοις
817 4437 870 4509 ἐπ’
891 4435 1049 4529 einaldus}
1067 4441 1228 4520 έπέκλισις
1252 4441 1400 4527 γίγνεται,
1424 4443 1476 4508 καὶ
1500 4439 1602 4531 ταύτῃ

297 4543 533 4638 ἀφρακτότεροι
561 4548 842 4638 παριππεύουσιν.
888 4557 933 4637 (3)
962 4551 1046 4620 ἔνθα
1076 4549 1115 4644 δὴ
1143 4553 1196 4618 καὶ
1222 4551 1372 4648 μάλιστα
1387 4545 1520 4638 α’γαδοῦ
1548 4553 1600 4618 δεῖ

299 4664 358 4728 τοῦ
380 4658 520 4747 ἱππέως,
548 4657 593 4740 αῖς
621 4658 706 4746 ὁμοῦ,
729 4662 789 4745 μέν
816 4663 1028 4746 ἐξακοντίζειν
1054 4663 1191 4740 δυνατός
1224 4685 1259 4727 τε
1285 4661 1426 4748 γίγνηται
1458 4661 1491 4740 ἐς
1522 4660 1600 4740 τοδς

297 4767 540 4850 ἐπελαύνοντας,
565 4767 651 4858 ὁμοῦ
678 4771 714 4836 δὲ
743 4771 876 4838 σκέπειν
903 4770 963 4858 τήν
990 4773 1099 4854 δεξιὰν
1125 4772 1269 4857 πλεορδν
1294 4773 1334 4861 τῇ
1363 4773 1513 4861 προβολῇ
1539 4774 1599 4837 τοῦ
