3576 5536
862 401 1066 488 „15-

262 589 291 653 3.
357 586 398 654 de
409 581 546 672 ‘campis
562 586 660 654 Allctr
683 637 690 652 .
707 639 714 654 .
735 577 753 652 .'
772 608 844 654 enm
861 588 1002 654 inlibris
1019 587 1152 654 Graecis
1169 588 1360 672 Latinisque
1375 588 1454 656 nibil
1471 589 1611 656 invenis·

315 716 390 779 sem,
421 696 713 779 Gildemeisterum,
740 699 918 763 litterarum
946 698 1150 764 orientalium
1179 699 1400 782 professorem,
1427 701 1504 766 adii.
1556 701 1611 782 qui

315 807 389 874 illas
424 825 550 889 quoque
582 807 707 873 litteras
730 805 849 872 frustra
870 827 903 872 se
926 806 1125 874 consuluisse
1157 807 1331 891 respondit.
1372 803 1520 876 ‘fortasse
1551 809 1611 876 buc

313 917 451 1000 pertinet
471 935 614 1001 purpura
637 917 752 982 alitina
769 916 883 1000 Syriae
906 917 938 981 in
961 914 1155 1002 geographis
1179 917 1268 984 Riesi
1292 937 1321 1002 p.
1349 918 1418 1000 110,
1441 920 1491 1003 21,
1514 938 1608 1002 quam

314 1025 530 1093 Gotbolredus
552 1020 713 1112 ἀληθινήν
737 1018 975 1111 interpretatur'
998 1025 1155 1110 (creon).

215 1139 244 1204 2.
263 1140 292 1202 3.
357 1156 460 1218 neque
488 1135 567 1218 quid
589 1137 652 1202 sibi
675 1136 752 1202 velit
776 1137 967 1203 Wilmannsi
988 1133 1141 1220 ‘congiari
1164 1128 1304 1204 nomine'
1328 1139 1481 1220 intellego
1504 1156 1609 1219 neque

314 1265 446 1323 comma,
469 1245 556 1328 quod
584 1247 693 1330 posuit
712 1246 762 1311 W.
786 1245 870 1310 inter
888 1235 1047 1330 ‘accipite’
1070 1253 1102 1311 et
1120 1235 1321 1312 ‘victoriam'.
1367 1245 1485 1312 deinde
1506 1239 1611 1329 ‘quin-

313 1375 375 1438 que
403 1355 507 1421 millia
529 1345 723 1422 sestertium'
751 1355 812 1432 (sie
836 1356 898 1436 er
932 1362 988 1422 ant
1016 1357 1136 1438 singuli
1169 1357 1356 1440 acceperint
1388 1375 1520 1424 necesse
1551 1363 1609 1428 est,

297 1463 400 1548 ,quod
423 1465 520 1530 nimis
544 1467 681 1532 'multum
710 1485 781 1532 esse
809 1485 902 1532 nemo
930 1465 992 1532 erit
1015 1468 1069 1548 qui
1091 1464 1210 1532 infitias
1233 1471 1296 1548 eat,
1324 1464 1516 1549 praesertim
1539 1485 1609 1532 eum

313 1582 517 1641 monumento
537 1576 708 1660 Ancyrano
731 1575 885 1642 traditum
914 1577 957 1641 sit
976 1576 1156 1658 Augustum
1186 1574 1315 1642 dedisse
1344 1575 1425 1659 ipsis
1447 1573 1610 1640 veteranis

313 1686 510 1768 congiarium
527 1683 623 1768 idque
635 1683 829 1769 triumphale
845 1671 975 1767 singula
989 1683 1157 1750 dumtaxat
1173 1684 1264 1749 milia
1278 1682 1459 1750 sestertium
1482 1682 1553 1762 (Ill,
1571 1682 1609 1746 17

315 1796 355 1870 [c.
373 1791 451 1876 15]),
474 1800 531 1860 aut
546 1813 655 1860 omnes
677 1792 814 1877 pedites,
838 1812 922 1876 quae
938 1813 1015 1860 sanc
1030 1792 1143 1858 fuisset
1159 1790 1332 1858 admodum
1348 1812 1446 1876 parca
1463 1790 1609 1874 donatio;

313 1903 430 1985 singuli
473 1905 572 1982 enirn,
613 1904 640 1968 si
685 1902 799 1968 cohors
843 1910 912 1970 erat
954 1903 1176 1986 quingenaria,
1218 1901 1420 1985 accepissent
1456 1900 1608 1966 tredecim

312 2011 489 2082 sestertios,
512 2017 576 2087 aut,
599 2011 627 2075 si
651 2011 800 2094 miliaria,
824 2018 947 2078 tantum
970 2031 1037 2078 sex.
1065 2010 1131 2076 'boo
1154 2030 1230 2076 vero
1252 2031 1315 2076 non
1339 2010 1478 2078 debebat
1500 2010 1609 2096 appel-

312 2121 373 2186 lari
394 2119 591 2204 congiarium
615 2119 672 2186 sed
688 2119 881 2202 stipendium
905 2119 1023 2204 duplex
1044 2120 1095 2186 vel
1116 2120 1244 2204 triplex.
1274 2118 1360 2202 quod
1383 2125 1506 2187 tantum
1529 2119 1611 2184 afuit

312 2237 347 2298 ut
381 2237 467 2298 esset
494 2229 630 2296 viatoria
661 2229 694 2294 in
726 2228 1012 2310 Commagenorurn
1046 2250 1176 2313 campos
1204 2230 1309 2312 Allet,
1341 2235 1384 2311 nt,
1421 2230 1611 2314 priusquam

311 2338 430 2406 milites
464 2337 575 2404 Africa
612 2335 814 2418 decederent,
851 2344 1098 2404 consumeretur.
1154 2337 1300 2404 conferas
1338 2337 1527 2404 donationes
1567 2338 1609 2404 ab

310 2448 457 2530 Augusto
480 2448 585 2536 plebei
606 2446 720 2521 factas,
746 2467 880 2529 quarum
904 2465 1051 2530 quaeque
1081 2446 1247 2514 minimum
1275 2454 1344 2511 erat
1374 2466 1607 2529 sexagenorum

311 2557 529 2632 denariorum
553 2557 650 2640 igitur
666 2557 882 2640 quadragiens
899 2558 963 2633 (vel
977 2555 1155 2640 octagienst
1172 2556 1476 2639 tantumriugustus
1503 2555 1608 2640 plebei

311 2676 465 2750 quantum
491 2665 675 2734 Hadrianus
703 2667 867 2732 militibus.
911 2673 1071 2732 ettamen
1097 2665 1248 2732 videntur
1275 2684 1332 2730 eac
1357 2665 1546 2733 donationes
1573 2665 1606 2730 in

310 2783 436 2860 tempus
470 2784 584 2844 auctae
617 2796 688 2842 esse
713 2776 796 2854 (Aet.
824 2776 929 2860 Spart.
964 2775 1019 2841 vit.
1047 2775 1133 2842 Helii
1162 2795 1188 2840 o.
1213 2775 1246 2854 6,
1282 2775 1350 2840 Ael.
1380 2775 1543 2860 Lamprid.
1577 2794 1606 2840 v.

276 2875 280 2882 ’
311 2885 475 2954 Commod.
499 2905 525 2952 c.
549 2887 602 2960 163
625 2885 666 2950 cf.
689 2885 857 2969 chronogr.
886 2885 962 2950 anni
985 2885 1073 2968 354).
1107 2882 1234 2950 accedit
1262 2882 1346 2965 quod
1369 2885 1451 2948 inter
1474 2883 1501 2948 V
1524 2889 1556 2948 et
1576 2881 1607 2946 Μ

310 2997 431 3062 nullum
454 2987 582 3062 videtur
601 2995 807 3062 interstitium
832 3015 917 3072 essm
942 2997 987 3060 ita
1009 3003 1044 3062 ut
1061 2985 1136 3061 ‘urn’
1160 2991 1334 3059 indicanda
1355 2993 1397 3058 sit
1412 2991 1607 3058 terminatio.

311 3104 452 3188 deniqne
468 3105 574 3187 potius
590 3105 794 3172 scribendum
810 3104 911 3171 fuisse
934 3111 1012 3188 puto
1032 3100 1226 3170 ‘sestertium
1247 3101 1440 3185 quinquiens
1457 3093 1608 3168 milliens²

310 3235 348 3280 ae
372 3235 435 3280 uon
458 3215 711 3281 abbreviandum
738 3217 780 3294 (v.
808 3235 892 3280 mon.
915 3214 1032 3298 ancyr.
1055 3234 1082 3279 c.
1108 3215 1156 3278 15.
1187 3213 1251 3294 16).
1299 3212 1482 3282 necessario
1511 3210 1610 3296 igitur

311 3323 544 3408 suspicabimur
562 3315 637 3390 ‘urn'
659 3343 730 3390 osse
755 3325 1014 3390 terminationem
1037 3322 1197 3388 adiectivi.
1233 3323 1342 3405 itaque
1365 3319 1504 3386 conicio:
1525 3313 1609 3384 ‘con-

309 3429 459 3518 gia[riura
482 3425 646 3520 dupl]um.'
690 3434 808 3518 populo
831 3453 959 3516 quoque
981 3430 1181 3497 Hadrianum
1204 3431 1245 3496 ad
1272 3428 1545 3514 comprimendam
1570 3427 1609 3494 de

217 3617 220 3624 ¹
310 3563 344 3608 re
365 3544 484 3609 famam
505 3543 706 3626 congiarium
729 3542 851 3628 duplex
871 3541 1001 3608 dedisse
1025 3548 1134 3606 narrat
1156 3540 1262 3625 Spart.
1286 3561 1312 3606 c.
1338 3541 1365 3606 7.
1400 3528 1556 3624 ‘duplum'
1580 3539 1608 3604 si

309 3655 360 3718 cui
383 3655 486 3718 minus
514 3655 620 3738 placet
648 3674 744 3736 quarn
770 3643 922 3736 ‘duplex',
953 3651 1059 3718 diseat
1087 3649 1289 3717 Hadrianum
1315 3650 1477 3715 amavisse
1508 3647 1608 3714 verba

309 3765 412 3829 minus
433 3765 508 3828 trita
529 3770 562 3829 et
584 3783 666 3846 quae
688 3765 829 3847 priscum
846 3782 1023 3828 sermonem
1046 3761 1229 3827 redolerent
1251 3761 1294 3842 (v.
1311 3760 1416 3844 Spart.
1446 3779 1472 3824 e.
1493 3760 1544 3840 163
1568 3758 1608 3822 ci.

308 3872 405 3939 Antb.
428 3873 498 3939 Lat.
526 3873 558 3938 ΙΙ
587 3895 615 3938 n.
644 3873 706 3936 908
734 3873 784 3956 R.;
814 3872 932 3958 Ἐφημ.
962 3870 1032 3952 dux.
1061 3872 1141 3936 18119
1174 3892 1204 3935 n.
1233 3871 1319 3952 408).
1362 3867 1448 3951 quod
1482 3869 1609 3934 litterae

308 3982 457 4049 vocabuli
486 3973 645 4066 ‘duplum’
676 4002 741 4046 non
768 3982 863 4048 solito
890 3981 985 4048 modo
1017 3983 1049 4047 in
1077 3980 1158 4046 duas
1185 3986 1293 4064 partes
1321 3979 1498 4044 distractae
1528 3984 1609 4059 sunt,

310 4114 373 4158 uon
396 4091 624 4158 offendendum
648 4091 762 4156 saltem
790 4091 1018 4175 ignoscendum
1049 4097 1106 4174 est,
1134 4087 1392 4173 quandoquidem
1417 4088 1515 4153 multo
1538 4107 1608 4169 gra·

312 4201 385 4266 vius
408 4207 575 4285 peccatum
599 4219 671 4266 esse
698 4201 729 4264 in
751 4199 1017 4284 inscriptionibus
1040 4201 1113 4266 aliis
1140 4201 1217 4265 licet
1245 4201 1416 4264 obseruare
1442 4199 1552 4274 (etiarn
1576 4195 1609 4260 in

308 4310 436 4394 legibus
459 4316 491 4375 et
513 4309 698 4395 diplomatis
720 4311 759 4376 ef.
788 4309 858 4376 CIL
874 4309 924 4374 Ill
946 4330 976 4393 p.
992 4309 1069 4384 8933
1093 4310 1146 4383 LI,
1170 4311 1198 4373 6.
1227 4309 1285 4374 El}
1311 4307 1343 4372 ΙΙ
1369 4327 1399 4390 p.
1419 4307 1492 4381 1153
1515 4306 1543 4389 7,
1567 4307 1609 4388 6),

309 4420 424 4485 iubae
451 4421 523 4506 ipsa
548 4422 653 4504 minus
677 4427 764 4486 recte
796 4420 932 4487 divisum
967 4407 1119 4502 ‘casttra‘
1155 4439 1212 4503 pro
1240 4405 1382 4500 ‘calatia'
1412 4416 1463 4481 vel
1493 4416 1608 4480 saltem

307 4520 453 4612 ‘casltra’
477 4522 527 4596 Da
548 4531 578 4595 l.
606 4529 702 4612 igitur
725 4527 910 4594 Hadrianus
933 4525 1031 4591 dixit:
1054 4518 1279 4606 ‘congialriom
1303 4517 1449 4608 dapl]um
1473 4521 1609 4607 accipite

309 4637 481 4708 viatorium
506 4641 538 4704 iu
562 4638 850 4720 Commagenorum
873 4656 1004 4722 campos
1030 4636 1113 4701 unet
1137 4685 1143 4700 .
1167 4684 1174 4697 .
1199 4621 1217 4700 ‚³
1242 4631 1263 4698 i.
1282 4651 1309 4698 e.
1333 4632 1534 4716 congiarium
1557 4651 1608 4696 ao·

310 4747 421 4831 cipite,
452 4754 485 4814 ut
512 4747 554 4813 sit
581 4747 726 4812 viatoria.
778 4753 919 4812 ceterum
946 4745 1033 4828 quod
1063 4745 1159 4826 vulgo
1188 4743 1360 4826 opinantur
1385 4729 1609 4824 ‘congiarium'
