3576 5536
741 411 948 474 -114

5 593 55 660 db
96 617 126 662 v.
146 597 173 661 1.
237 598 416 662 Wilmanns
437 597 531 680 legit:
550 589 640 662 ‘etis
663 593 720 678 (sc.
736 594 887 680 legatus),
912 615 970 681 pro
993 614 1092 662 causa
1112 590 1236 681 respuo
1260 647 1267 660 .
1291 643 1298 660 .
1322 645 1329 659 .
1415 615 1493 676 qaae

195 703 341 792 diceinda
367 708 460 773 vobis
486 713 566 790 aput
591 727 643 772 me
671 708 816 780 fuissent,
848 704 957 772 omnia
979 705 1058 770 milri
1081 726 1138 789 pro
1164 706 1258 770 vobis
1285 705 1355 788 ipse
1379 699 1493 790 dipsa:

195 807 309 903 quodi.
332 815 388 882 sed
404 837 476 882 cum
492 816 591 882 verba
605 811 675 900 ‘pro
695 835 793 882 causa
808 805 926 882 vestra’
939 815 967 882 si
985 836 1055 881 eum
1073 815 1239 882 enuntiato
1259 813 1396 880 relativo
1419 832 1490 878 ccu-

194 927 377 1010 innguntur,
400 926 440 992 ob
467 925 663 1008 positionem
686 922 859 990 admodum
876 923 941 990 ictu
958 925 1114 1006 leventur,
1137 923 1276 990 debeant
1290 942 1367 989 vero
1382 941 1493 990 carere

196 1069 236 1080 -
265 1034 403 1100 sienim
430 1034 592 1115 abessent,
619 1054 681 1099 non
711 1032 973 1100 desiderarentur
1000 1069 1037 1079 -
1064 1031 1249 1100 Hadrianus
1264 1063 1266 1069 v
1283 1033 1368 1098 male
1394 1032 1495 1100 verba

196 1143 367 1227 posuisset.
396 1163 501 1226 neque
524 1149 632 1210 tamen
649 1163 720 1208 eum
737 1143 844 1209 verbo'
858 1141 944 1224 quod
960 1150 1009 1209 est
1029 1133 1159 1228 ‘dilaits
1175 1143 1327 1224 coniungi
1349 1148 1492 1225 possunt,

195 1252 283 1335 quod
314 1252 395 1320 haee
421 1255 565 1320 eveniret
595 1252 792 1319 coniunctio:
822 1226 892 1336 ‘pro
922 1273 1020 1318 eausa
1047 1259 1156 1318 vestra
1186 1272 1244 1335 pro
1272 1251 1363 1318 vobis
1390 1239 1492 1315 dixit'.

196 1361 304 1444 itaque
327 1362 510 1446 separanda
533 1369 608 1428 suut
630 1357 674 1427 ‘et
696 1362 724 1428 is
745 1381 803 1445 pro
831 1381 931 1428 cansa
953 1353 1070 1440 vestra'
1099 1363 1140 1428 ab
1161 1363 1209 1428 eis
1226 1381 1310 1444 quae
1332 1365 1492 1427 secuntur.

197 1493 364 1555 quaecum
391 1471 437 1538 ita
453 1471 517 1538 sint
536 1461 619 1538 ‘etis'
634 1493 698 1538 non
721 1473 785 1538 iam
802 1471 979 1554 putandum
1002 1473 1064 1538 erit
1082 1466 1126 1540 ‘et
1141 1465 1179 1538 is'
1200 1492 1260 1540 neo
1279 1468 1493 1556 supplendum

193 1573 350 1666 legatus,
376 1580 434 1648 sed
461 1581 645 1648 terminatio
672 1581 763 1648 verbi
791 1581 960 1652 cuiusdam
990 1583 1011 1661 (.
1036 1631 1043 1647 .
1068 1631 1073 1647 .
1098 1631 1105 1646 .
1134 1582 1205 1664 etis,
1238 1584 1317 1650 coni.
1346 1581 1434 1666 impf.
1460 1580 1493 1645 ΙΙ

195 1712 279 1777 pers.
302 1689 546 1784 pl.)‚referen‹l·i
568 1690 610 1756 ad
632 1691 750 1758 milites
770 1693 810 1771 (e.
826 1714 855 1776 g.
876 1688 1112 1776 [pretemptat
1152 1699 1226 1775 post
1244 1682 1373 1758 ‘vestra'
1394 1690 1494 1774 igitur

195 1801 337 1884 graviter
361 1799 651 1884 interpungendum
677 1807 733 1866 est.
777 1802 888 1866 omitto
917 1821 958 1867 ex
981 1800 1195 1866 Wilmannsio
1220 1817 1386 1884 quaerere,
1414 1819 1493 1882 quo·

195 1911 290 1977 modo
313 1910 470 1993 reliquam
497 1911 645 1976 lacunam
668 1910 880 1995 supplendam
903 1931 975 1978 esse
997 1915 1151 1989 censeret,
1179 1910 1207 1976 si
1236 1917 1322 1976 recte
1348 1908 1493 1992 legisset.

196 2041 270 2086 nam
293 2023 348 2086 vix
370 2023 540 2103 quicquam
563 2019 810 2088 desideraretur.

98 2128 126 2191 1.
152 2131 180 2192 2.
234 2119 415 2217 ‘[dice]nda'
437 2130 625 2215 Wilmanns.
646 2121 872 2216 ‘[exocsc]nda'
894 2150 965 2214 ego.
1003 2128 1188 2196 Hadrianus
1210 2127 1296 2194 enim
1319 2125 1397 2192 milti
1416 2132 1492 2209 apte

197 2241 263 2306 alia
285 2239 325 2304 de
339 2241 446 2323 legato
471 2239 538 2306 alia
553 2239 594 2306 de
613 2239 772 2306 militibus
788 2261 944 2324 usurpare
961 2240 1059 2308 verba
1082 2245 1114 2306 ct
1137 2244 1328 2306 structuram
1350 2236 1492 2303 videtur:

196 2350 251 2416 ille
274 2349 362 2426 dicit,
386 2347 419 2413 hi
442 2355 612 2445 excusant:
636 2349 691 2416 illc
712 2349 788 2415 dicit
811 2350 1009 2433 imperatori,
1032 2348 1066 2414 hi
1088 2353 1243 2415 excusant
1261 2354 1341 2430 aput
1355 2345 1491 2429 impera·

197 2467 307 2526 torem.
336 2466 505 2542 praeterea
526 2479 665 2542 eaquae
681 2465 832 2526 secuntur
851 2457 949 2544 ‘quod
972 2459 1085 2526 cohors
1107 2460 1208 2535 abest,
1232 2455 1320 2541 quod
1344 2506 1351 2520 .
1376 2505 1383 2519 .
1406 2503 1413 2519 .
1437 2453 1492 2520 de·

196 2569 300 2651 distis,
323 2568 409 2652 quod
432 2619 439 2633 .
465 2619 471 2633 .
493 2618 500 2634 .
525 2561 692 2636 distinent’
714 2576 773 2636 cet.
794 2591 857 2634 non
876 2589 934 2654 per
954 2558 1065 2651 ‘quod'
1087 2567 1248 2634 debebant
1270 2564 1442 2646 enuntiari,
1464 2563 1493 2628 si

197 2678 403 2746 antecederet
422 2667 585 2744 ‘dicenda'
607 2678 665 2744 sed
688 2698 746 2764 per
767 2699 832 2746 acc.
857 2701 882 2745 c.
905 2679 961 2745 inl'.
994 2714 1031 2724 -
1067 2685 1210 2762 tempore
1232 2677 1318 2744 enim
1341 2661 1405 2740 iam
1425 2673 1492 2740 Ha·

197 2789 301 2855 driani
326 2789 465 2854 urbanos
480 2786 604 2854 dixisse
625 2781 745 2853 ‘dicere
768 2777 865 2870 quod’
881 2807 984 2862 nemo,
1006 2794 1094 2870 puto,
1118 2783 1289 2852 contendet
1312 2802 1365 2862 —;
1388 2801 1493 2864 neque

197 2915 237 2962 ea
260 2895 446 2979 imperatori
468 2895 607 2960 dicenda
634 2901 735 2972 crant,
766 2914 840 2960 nam
869 2894 1044 2976 imperator
1067 2895 1137 2977 ipse
1159 2913 1223 2958 non
1246 2891 1429 2975 ignorabat3
1457 2896 1494 2956 at

197 3011 346 3090 poterant
375 3004 521 3088 proferri,
551 3011 586 3070 ut
612 3005 729 3087 quibus
759 3011 991 3070 excusarentur
1024 3005 1152 3070 milites.
1202 3010 1236 3070 nt
1264 3003 1350 3068 enim
1377 2999 1496 3066 dicitur

195 3109 362 3180 ‘excusare
377 3113 661 3200 propinquitatem,
680 3103 945 3180 imbecillitatem'
960 3115 1008 3180 sio
1024 3113 1084 3180 hoo
1099 3115 1170 3179 loco
1185 3112 1334 3179 excusari
1347 3115 1497 3194 poterant

197 3229 229 3290 et
251 3223 401 3290 absentia
422 3221 561 3290 cohortis
584 3232 615 3289 et
638 3243 667 3306 q.
692 3242 717 3288 s.
762 3220 890 3288 adferre
923 3227 1029 3288 autem
1052 3241 1092 3288 ea
1123 3221 1244 3286 licebat
1265 3225 1320 3286 aut
1340 3237 1398 3300 per
1419 3217 1495 3282 sub-

197 3333 340 3398 stantiva
361 3338 417 3398 aut
438 3353 496 3416 per
515 3321 634 3415 ‘qued'.
673 3332 751 3414 quia
774 3349 831 3414 pcr
852 3331 1057 3396 substantiva
1080 3329 1240 3396 enuntiari
1262 3347 1326 3395 non
1348 3333 1496 3411 poterant

198 3443 242 3523 (et
264 3441 350 3524 qnod
372 3440 524 3506 deliciunt
546 3447 578 3508 et
600 3438 687 3523 quod
709 3439 834 3504 Latinis
857 3459 921 3504 uon
943 3459 1046 3522 aeque
1068 3459 1107 3504 ae
1130 3437 1224 3506 nobis
1246 3438 1326 3504 talia
1347 3442 1496 3502 amantur

198 3549 421 3633 substantiva),
444 3549 629 3616 Hadrianus
647 3569 757 3616 omnes
774 3569 888 3614 causas
907 3551 1062 3614 concinne
1080 3568 1135 3630 per
1149 3537 1258 3631 ‘quod'
1275 3548 1420 3613 elocutus
1437 3553 1494 3611 est.

202 3696 233 3705 -
258 3661 454 3740 explosimus
477 3657 608 3742 quidem
632 3677 729 3739 supra
744 3657 938 3724 Wilmannsi
958 3656 1002 3723 ‘et
1021 3650 1060 3724 is'
1083 3657 1141 3724 sed
1165 3677 1228 3724 nen
1251 3656 1402 3740 legatum.
1421 3675 1495 3722 eum

198 3769 284 3835 enim
304 3770 358 3852 qui
377 3766 491 3850 ‘dixit',
514 3769 656 3850 legatum
674 3787 747 3834 esse
771 3787 864 3832 nemo
888 3787 951 3832 non
972 3767 1070 3845 videt.
1106 3768 1205 3850 igitur
1228 3766 1276 3832 sie
1298 3766 1366 3830 lere
1388 3765 1495 3845 legen-

198 3877 366 3956 demerit,
393 3883 429 3944 ut
456 3877 612 3944 dedimus.
664 3884 769 3942 utrum
800 3876 889 3942 ‘nam'
925 3896 967 3940 an
995 3875 1103 3960 potius
1128 3865 1209 3942 ‘sed'
1237 3872 1494 3940 subaudiendum

199 3990 248 4070 sit,
282 4009 355 4054 cum
390 3987 472 4054 ratio
505 3993 686 4053 structurae
720 3986 879 4052 enuntiati
916 3985 1137 4052 antecedentis
1171 3983 1314 4068 perspici
1348 3988 1496 4064 nequeat,

198 4096 380 4163 diiudicare
402 4117 466 4162 uon
488 4095 573 4162 licet.

146 4207 175 4270 2.
236 4197 395 4272 ‘fuissent’
411 4205 523 4272 dicens
538 4205 724 4272 Hadrianus
736 4208 838 4290 magis
854 4225 951 4290 quam
972 4206 1001 4272 si
1017 4204 1154 4271 dixisset
1168 4194 1328 4283 lucrant,
1352 4201 1496 4270 declarat
1599 4277 1602 4282 Δ

198 4315 318 4382 milites
341 4335 413 4382 sese
436 4334 591 4381 excusare
610 4335 674 4382 non
696 4314 824 4382 debere.

146 4429 175 4491 3.
237 4424 363 4491 ‘cohors
377 4425 479 4506 abest,
503 4423 589 4507 quod
606 4474 713 4490 .....
738 4415 891 4491 mittitur'.
915 4445 993 4491 cave
1009 4431 1103 4508 putes
1118 4423 1179 4490 hoc
1194 4411 1303 4505 ‘qnod’
1317 4440 1388 4487 esse
1411 4419 1495 4486 idem

199 4542 295 4616 atque
317 4541 424 4600 cetera
446 4553 530 4616 quae
553 4553 652 4617 prope
676 4534 835 4617 leguntur.
881 4553 1013 4600 necesse
1041 4533 1167 4600 videtur
1199 4551 1271 4600 esse
1293 4529 1494 4596 Hadrianum

199 4645 374 4728 cogitemus
401 4643 602 4708 enuntiatum
630 4637 729 4725 ‘quod
752 4691 758 4706 .
784 4693 880 4708 ....
911 4633 1058 4709 mittitur'
1084 4641 1177 4724 quasi
1204 4660 1261 4726 per
1287 4637 1494 4724 parenthesin

199 4754 359 4820 elocutum
381 4773 453 4820 esse
479 4753 531 4819 vel
555 4755 662 4850 potius
696 4755 790 4837 qnasi
812 4754 959 4836 veritum,
987 4774 1028 4824 ne
1054 4753 1082 4820 si
1110 4751 1232 4826 diceret
1255 4744 1383 4818 ‘cohors
1411 4768 1495 4833 qnae
