3576 5536
864 436 1067 506 ..ης-

315 625 537 711 quingenariis
560 626 727 692 dumtaxat
744 626 844 709 CXX,
869 626 903 691 in
918 627 1067 692 miliariis
1084 625 1198 691 CCXL
1222 635 1312 693 erant
1335 627 1386 708 (cf.
1403 627 1487 711 Hyg.
1510 647 1537 692 c.
1554 626 1612 710 273

314 736 355 802 de
379 736 441 802 alis
463 737 504 802 cf.
529 757 554 801 c.
581 737 643 815 16),
667 735 713 800 ita
736 755 795 819 par
820 743 870 801 est
895 735 1126 802 exercitatione
1151 755 1277 818 quoque
1300 737 1510 820 praestitisse.

214 844 241 907 6.
257 842 284 905 7.
296 844 325 908 8.
379 839 458 910 ‘alia
480 844 588 928 spatia
612 844 727 928 campi,
749 845 832 909 alius
855 844 1064 910 iaculantium
1084 864 1245 915 numerus,
1270 845 1419 927 frequens
1436 845 1609 928 dextrator,

313 955 522 1022 Cantabricus
556 953 685 1034 densus,
720 973 873 1036 equorum
902 953 1013 1031 forma,
1048 973 1205 1018 armorum
1240 955 1344 1020 cultus
1377 973 1434 1040 pro
1469 953 1611 1037 stipendi

311 1054 428 1132 moda'
479 1065 582 1130 omnis
616 1063 790 1130 difficultas
824 1065 908 1129 inest
942 1063 976 1128 in
1003 1061 1167 1146 ‘frequens
1200 1064 1365 1130 dextrator
1400 1063 1610 1129 Cantabricus

312 1166 453 1242 densus'
503 1193 586 1257 quac
616 1173 716 1239 verba
746 1172 905 1256 quomodo
934 1173 1129 1257 explicanda
1156 1175 1228 1253 sint,
1257 1174 1361 1239 fusius
1388 1172 1611 1257 exponendum

312 1286 381 1350 erit.
423 1273 664 1350 ‘dextratorcm'
694 1283 831 1368 primum
862 1283 1068 1366 suspicabare
1097 1302 1168 1348 esse
1195 1303 1268 1349 eum
1295 1286 1348 1366 qui
1378 1283 1492 1348 dextra
1520 1289 1611 1366 parte

312 1395 346 1458 it.
391 1398 423 1458 et
444 1392 590 1477 profecto
612 1411 723 1458 cursus
747 1393 795 1457 illi
818 1399 992 1475 equestres,
1023 1411 1104 1474 quos
1129 1393 1284 1458 Arrianus
1308 1391 1470 1470 describit,
1494 1394 1610 1476 partim

313 1499 428 1567 dextra
450 1502 568 1585 partim
592 1501 725 1566 sinistra
747 1508 838 1586 parte
861 1501 1008 1584 bematis,
1040 1503 1073 1566 in
1103 1522 1166 1583 quo
1189 1509 1388 1586 spectatores
1410 1509 1510 1584 erant,
1540 1522 1610 1585 per-

312 1611 502 1694 agebantur.
566 1609 624 1676 sed
657 1629 792 1692 quaeres
826 1615 948 1686 merito,
988 1631 1044 1678 cur
1077 1633 1140 1677 non
1175 1611 1288 1678 eodem
1321 1613 1388 1676 iure
1423 1611 1610 1676 Hadrianus

314 1721 610 1786 commemoraverit
630 1709 897 1801 ‘sinisti-storeis,
922 1721 1113 1803 praesertim
1128 1739 1200 1784 curn
1217 1721 1246 1784 ei
1263 1739 1384 1801 cursus
1408 1720 1463 1801 qui
1478 1718 1612 1784 sinistra

314 1835 405 1914 parte
421 1829 558 1895 bematis
570 1827 660 1910 lium,
675 1827 749 1912 plus
764 1825 990 1892 delectamenti
1006 1835 1038 1893 et
1052 1827 1276 1893 admirationis
1292 1826 1500 1911 praebuerint
1515 1847 1611 1910 quarn

314 1940 370 2024 qui
394 1939 508 2005 dextra
529 1945 621 2023 parte
643 1939 682 2017 (c.
700 1937 761 2018 38).
786 1936 917 2002 dubium
942 1936 1039 2019 igitur
1063 1936 1142 2002 mibi
1164 1957 1229 2002 non
1249 1943 1307 2018 est,
1329 1936 1406 2018 quin
1424 1926 1611 2001 ‘dextrator'

315 2051 358 2114 sit
380 2049 418 2124 is,
446 2050 501 2132 qui
525 2068 558 2113 se
586 2048 744 2112 convertit
763 2045 965 2112 dextrorsum
988 2049 1007 2111 i.
1028 2050 1058 2111 'a
1102 2065 1122 2110 a
1149 2045 1279 2112 sinistra
1304 2047 1337 2109 in
1360 2044 1504 2111 dextram
1534 2045 1612 2110 facit

315 2158 566 2223 conversionem.
626 2157 775 2220 similiter
804 2153 984 2220 ‘dextratio'
1009 2154 1121 2236 (Solia.
1144 2156 1197 2236 45)
1230 2153 1390 2237 significat
1420 2161 1539 2220 motum
1560 2155 1612 2220 vel

314 2268 565 2347 conversionem,
589 2284 671 2347 quae
693 2285 714 2329 a
736 2266 868 2331 sinistra
890 2263 925 2329 fit
946 2263 987 2330 ad
1011 2264 1156 2330 dextram
1181 2264 1331 2345 (Salmas.
1356 2265 1389 2330 in
1406 2265 1489 2329 Plin.
1506 2285 1610 2330 exerc.

315 2399 344 2461 p.
369 2373 453 2458 657).
510 2381 607 2457 atque
640 2394 711 2440 eum
745 2373 875 2456 quidem
906 2381 1026 2439 motum
1058 2373 1093 2438 in
1125 2375 1274 2439 omnibus
1301 2375 1455 2440 ,cursibus
1487 2375 1621 2440 videbis·

315 2485 547 2571 praescriptum
571 2484 657 2568 apud
682 2485 852 2550 Arrianum
876 2504 901 2550 c.
924 2485 978 2548 36:
1013 2477 1032 2567 ἡ
1054 2481 1157 2559 κλίσις
1182 2481 1218 2546 δὲ
1242 2475 1355 2559 αὐτοῖς
1378 2477 1502 2547 ἐπί“τά
1523 2478 1613 2564 δεξιὰ

315 2593 410 2679 σφῶν
437 2592 586 2678 γίγνεται,
614 2614 640 2659 c.
671 2593 725 2656 39:
759 2590 956 2675 ἐγκλίναντες
979 2589 1035 2656 ἐπί
1062 2585 1151 2673 βάριν,
1185 2613 1211 2657 c.
1239 2593 1294 2656 40:
1328 2590 1528 2672 ἐκκλίνοντες
1556 2592 1611 2658 ἐπὶ

314 2701 405 2785 δόρυ,
429 2723 454 2768 c.
475 2705 529 2768 62:
553 2700 753 2786 ἐγκλίνοντος
775 2699 832 2766 ἐπί
853 2693 961 2782 δεξιάν
982 2703 1042 2766 τοῦ
1064 2701 1185 2766 ἵππου.
1221 2702 1275 2768 hic
1297 2703 1383 2768 enim
1406 2710 1510 2770 motus
1531 2704 1613 2770 diffi-

282 2853 284 2857 -
315 2813 406 2878 cilior
424 2813 553 2878 videtur
574 2811 676 2878 fuisse
699 2831 795 2895 qnam
818 2813 857 2892 is,
884 2813 940 2895 qui
967 2813 1001 2876 in
1031 2813 1225 2879 contrariam
1247 2819 1371 2896 partem
1393 2813 1504 2892 fiebat3
1538 2833 1612 2879 nam

313 2915 426 3004 ‘equos
448 2923 636 2987 naturaliter
664 2920 707 2986 ad
730 2921 894 2988 sinistram
919 2920 1048 2987 flectere
1071 2921 1201 2987 tradunt
1224 2912 1362 3004 equarii'
1383 2923 1496 3001 (Salm.
1517 2925 1538 2988 l.
1562 2926 1613 3002 c).

262 3033 290 3096 6.
356 3024 519 3113 ‘frequens
538 3021 725 3097 dextrator.'
746 3030 780 3094 in
804 3031 866 3094 alis
888 3049 945 3094 eur·
966 3029 1202 3111 frequentiores
1219 3029 1284 3092 sint
1298 3028 1500 3094 dextratores
1516 3049 1611 3111 quam

316 3143 346 3206 in
370 3140 555 3206 cohortibus
577 3140 730 3222 equitatis
746 3159 876 3204 causam
898 3139 993 3204 modo
1009 3137 1193 3203 adtulimus.
1229 3157 1339 3202 omncs
1363 3137 1613 3204 exercitationes

316 3249 519 3316 dextratione
551 3255 700 3334 peractas
733 3248 921 3331 intellegere
952 3246 1065 3314 debuit
1097 3245 1281 3312 Hadrianus
1313 3246 1426 3312 verbis
1452 3243 1613 3330 ‘frequens

316 3357 497 3441 dextrator'‚
524 3361 619 3424 etiarn
648 3357 875 3423 Cantabricam
908 3378 992 3440 quac
1018 3362 1160 3423 vocatur.
1209 3376 1292 3438 quae
1318 3357 1426 3422 statim
1452 3378 1472 3422 a
1498 3359 1613 3423 ceteris

317 3472 386 3536 iure
410 3469 617 3551 distinguitur
639 3467 679 3532 ob
700 3466 934 3533 difficultatem.

265 3577 292 3639 7.
355 3566 604 3644 ‘Cantabricus'
629 3577 767 3660 impetus
790 3575 917 3642 videtur
939 3575 1184 3659 intellegendus.
1207 3576 1277 3640 Arr.
1300 3596 1326 3641 c.
1348 3577 1403 3640 40:
1428 3574 1484 3639 ἐπί
1506 3570 1613 3660 τούτῳ

316 3685 351 3752 δέ
372 3691 428 3765 (sc.
450 3685 500 3762 δίς
522 3675 727 3768 οἷμείψαντες
746 3686 806 3761 τὰς
826 3679 934 3764 τάξεις
955 3707 991 3750 τε
1013 3683 1067 3747 καί
1087 3679 1146 3760 τάς
1159 3682 1328 3766 προβολάς
1350 3683 1402 3747 καί
1424 3679 1501 3762 τούς
1516 3677 1614 3767 α’κρο-

315 3786 493 3876 βολισμοάς
514 3791 623 3858 τεκαὶ
645 3787 849 3878 ἐπιστροφάς
876 3843 882 3858 .
906 3842 913 3857 .
938 3815 965 3859 c.
988 3795 1042 3870 39)
1066 3787 1320 3878 Κανταβρική
1354 3816 1404 3870 τις
1434 3791 1614 3877 καλουμένη

316 3901 469 3980 ἐπέλασις
490 3901 620 3987 γίνεται,
643 3895 688 3979 ιάς
703 3902 813 3966 δοκεῖν
836 3900 910 3984 ἐμοί
931 3923 965 3985 γε
987 3893 1284 3985 deificatisque,
1307 3893 1473 3987 Ἰβηρικοῦ
1493 3900 1614 3985 γένους,

315 4005 415 4098 ταάτη
437 4002 674 4095 ὀνομασθεῖσα,
703 4005 756 4075 ὅτι
779 4003 1035 4094 desiderabatis
1062 4009 1308 4094 προςεποίησαν
1335 4008 1429 4096 σφίσι
1450 4004 1613 4092 Ῥωμαῖοι.

314 4113 466 4188 ‘densus'
489 4115 508 4206 ἦ
533 4118 682 4206 προβολὴ
710 4114 809 4208 μένίη
840 4122 905 4183 τιῦν
928 4115 1059 4183 ἱππέων
1087 4170 1094 4184 .
1123 4170 1130 4184 .
1158 4171 1164 4184 .
1193 4115 1404 4203 πεφραγμένη
1430 4117 1614 4183 ἐκτέτακται

317 4229 411 4312 (ibid.
434 4231 454 4310 ξ
477 4232 509 4310 2)
536 4265 571 4275 -
596 4228 649 4292 καί
674 4225 713 4292 τά
736 4221 868 4311 άκριβές
894 4229 1071 4292 subdoceri
1095 4223 1191 4310 ἔργον
1219 4225 1253 4290 ἐν
1274 4226 1378 4291 τοῖσδ’
1401 4224 1495 4304 ἐστίν,
1519 4223 1548 4292 εἰ
1571 4219 1616 4302 uic

316 4331 480 4422 ἐγγυτάτω
502 4341 574 4415 τοῖς
600 4331 851 4418 παριππεύουσι
878 4336 1027 4414 πελάσας
1058 4332 1075 4401 ὁ
1104 4335 1137 4414 ἐς
1162 4332 1220 4400 τὸν
1242 4335 1468 4419 Κανταβρικὸν
1498 4338 1616 4400 τοῦτον

316 4446 433 4517 κύκλον
465 4445 680 4535 καθεστηκώς
712 4444 759 4526 οἷς
790 4447 931 4532 μάλιστα
965 4442 1047 4510 κατά
1079 4445 1181 4529 μέσου
1211 4445 1270 4510 τοῦ
1302 4447 1430 4527 θυρεοῦ
1463 4439 1501 4509 τά
1535 4439 1614 4525 δόρυ

317 4558 550 4640 ἐξακοντίσειεν
576 4559 671 4640 (ibid.
696 4561 716 4639 ξ
739 4561 781 4639 b).

265 4676 293 4738 8.
356 4665 521 4752 ‘equorum
545 4669 657 4747 forma,
679 4689 839 4733 armorum
866 4669 971 4733 cultus
994 4687 1052 4751 pro
1075 4665 1213 4748 stipendi
1238 4654 1354 4730 modo'
1389 4684 1488 4746 equos
1510 4663 1615 4728 alares

316 4787 394 4866 puto
417 4781 519 4845 fuisse
542 4779 730 4862 graciliores
747 4783 779 4842 et
794 4777 990 4858 nitentiores‚
1014 4796 1103 4840 arma
1115 4776 1219 4857 magis
1232 4773 1350 4840 decora
1362 4779 1394 4838 et
1405 4775 1555 4857 pretiosa.
1577 4805 1613 4816 -
