3576 5536
648 1128 680 1210 Ι.
724 1127 773 1210 de
802 1134 992 1236 tempore.

275 1343 354 1409 haec
386 1342 572 1408 testimonia
604 1342 723 1419 omnia,
757 1360 841 1423 quae
872 1339 953 1406 mihi
979 1339 1110 1423 quidem
1133 1343 1349 1423 innotuerunt,
1371 1340 1472 1425 petita

174 1475 246 1521 cum
274 1472 314 1518 cx
342 1472 448 1518 rerum
471 1451 685 1536 scriptoribus
708 1455 775 1515 tum
800 1470 841 1515 cx
862 1449 966 1516 titulis
989 1449 1094 1516 adhuc
1117 1451 1269 1516 conlectis
1289 1451 1345 1532 qui
1368 1451 1472 1515 oculis

174 1561 429 1650 perlustraverit,
451 1566 558 1627 aetate
582 1560 792 1644 imperatoria
803 1559 827 1640 ¹)
851 1560 938 1624 omni
961 1579 1117 1642 eaquae
1140 1567 1189 1625 est
1212 1560 1253 1624 ab
1268 1559 1414 1642 Augusto
1429 1559 1472 1624 ad

174 1673 209 1739 id
231 1674 402 1752 saeculum,
426 1673 514 1736 cuius
537 1675 610 1754 post
634 1669 760 1734 initium
784 1688 850 1734 rem
873 1668 1046 1734 militarem
1064 1669 1277 1734 Romanorum
1291 1668 1387 1753 plane
1403 1689 1470 1734 mu·

173 1789 273 1849 tatum
296 1782 487 1860 invenimus,
509 1779 634 1863 equites
658 1779 798 1862 legionis
822 1777 924 1844 fuisse
947 1776 1192 1844 animadvertet.
1223 1797 1328 1860 neque
1349 1785 1399 1844 est
1414 1798 1472 1862 per

174 1891 209 1958 id
230 1898 357 1976 tempus
377 1892 477 1956 ullum
500 1887 651 1988 spatium,
680 1908 743 1971 quo
771 1908 836 1953 non
865 1895 1152 1954 commemorentur
1174 1887 1299 1969 equites
1321 1887 1470 1970 legionis,

174 2009 239 2066 tam
261 2003 402 2085 longum,
424 2006 458 2065 nt
480 2000 655 2067 debeamus
678 1996 899 2080 Marquardtio
923 1999 1134 2075 (staatsverw.
1158 1998 1192 2062 ll
1213 2018 1243 2083 p.
1259 1998 1334 2078 586)
1356 1997 1471 2062 adsen-

174 2112 237 2193 tiri,
265 2112 320 2193 qui
343 2111 468 2192 equites
491 2108 629 2190 legionis
653 2108 782 2172 ineunte
805 2107 935 2172 sacculo
957 2107 1052 2172 tertio
1076 2125 1117 2170 ex
1131 2107 1315 2189 legionibus
1331 2126 1403 2172 esse
1424 2127 1471 2171 re-

174 2226 278 2284 motos
303 2217 467 2284 contendit
490 2225 522 2282 ct
548 2218 712 2281 restitutos
735 2220 855 2298 postea.
892 2234 996 2297 neque
1021 2215 1105 2281 enim
1128 2215 1252 2299 Hygini
1275 2217 1330 2298 qui
1353 2215 1472 2282 dicitur

174 2328 290 2396 librum
319 2329 415 2411 vulgo
444 2325 485 2392 de
514 2325 741 2390 munitionibus
770 2331 947 2390 castrorum
975 2323 1206 2408 inscriptnmb,
1239 2345 1303 2407 quo
1326 2327 1470 2408 equitum

175 2439 426 2520 legionariorum
459 2435 579 2501 mentio
611 2454 674 2500 non
706 2433 750 2511 iit,
782 2436 911 2499 ineunte
945 2435 1076 2500 saeculo
1102 2435 1196 2500 tertio
1218 2436 1373 2519 scriptum
1399 2455 1471 2501 esse

176 2555 261 2612 recte
292 2546 447 2612 iudicavit
478 2545 521 2629 (v.
543 2545 584 2610 M.
605 2544 663 2609 Rb.
685 2543 831 2609 XXXIV
853 2564 884 2628 p.
909 2544 969 2608 237
995 2544 1088 2626 sqq),
1122 2550 1154 2608 et
1187 2544 1354 2627 antiquam
1389 2545 1473 2611 ordi-

175 2655 337 2721 nationem
350 2654 487 2738 chetii,
511 2656 567 2736 qui
591 2654 715 2737 equites
737 2653 771 2719 in
793 2655 920 2736 legione
942 2660 1095 2730 numerat,
1120 2653 1399 2722 eiusdemsacculi
1415 2655 1471 2721 fini

175 2767 226 2830 vel
257 2765 454 2846 insequentis
490 2765 581 2829 initio
606 2764 693 2828 falso.
711 2761 868 2829 adtribuit
889 2763 942 2842 (ol.
960 2763 1108 2830 Foerstor
1130 2763 1170 2829 de
1192 2762 1256 2830 fide
1279 2765 1384 2832 Flavii
1408 2767 1467 2832 Ve-

175 2873 254 2956 getii
278 2874 393 2938 Renati
422 2893 474 2957 pp.
502 2874 531 2936 9.
554 2871 619 2953 29).
668 2871 894 2955 restringenda
922 2871 1112 2938 Mommsoni
1146 2893 1274 2957 quoque
1308 2878 1469 2943 sententia

175 2984 302 3050 titulum
326 2982 363 3056 V,
386 2982 449 3046 896
471 2979 516 3064 (n.
540 2982 593 3060 35)
614 2989 689 3046 anto
712 2987 860 3063 quartum
883 2982 1046 3047 sacculum
1069 2983 1222 3068 scriptum
1237 3003 1308 3050 esse
1321 2988 1469 3068 negantis

174 3095 243 3174 (llll
264 3093 309 3158 IV
331 3112 361 3176 p.
387 3093 472 3170 234).
518 3111 556 3156 eo
578 3091 664 3156 enim
688 3092 817 3156 sacculo
841 3111 875 3156 re
896 3091 1029 3156 militari
1051 3110 1183 3174 prorsus
1214 3102 1408 3161 commutata
1430 3096 1470 3162 de

175 3203 302 3270 hastato
325 3201 502 3286 posteriore
525 3201 660 3283 eogitari
684 3220 780 3285 posse
805 3201 893 3266 nullo
917 3199 1010 3278 modo
1033 3200 1161 3266 videtur
1183 3203 1237 3278 (cf.
1255 3204 1379 3270 Valesii
1395 3206 1469 3271 adn.

175 3312 218 3377 ad
241 3314 342 3377 Amm.
364 3311 462 3376 Marc.
485 3331 515 3394 p.
542 3309 625 3392 127),
658 3330 762 3394 neque
796 3329 976 3376 sermonem
1010 3309 1208 3377 inconditum
1230 3312 1271 3394 is,
1299 3315 1355 3396 qui
1377 3317 1470 3380 semi-

175 3421 303 3487 doctum
327 3420 504 3504 inspexerit
527 3418 802 3503 Commodianum,
827 3421 922 3488 tertio
942 3419 1073 3486 saeculo
1095 3420 1305 3488 abiudicabit.

458 3776 509 3859 ll.
563 3777 613 3860 de
645 3775 872 3860 condicione
904 3804 949 3862 ao
981 3776 1181 3885 dignitate.

275 3993 339 4057 iam
377 3990 519 4072 equitum
554 3990 693 4071 legionis
729 4009 813 4072 quae
844 3990 943 4056 fuerit
971 3991 1004 4055 in
1042 3991 1186 4056 exercitu
1217 3992 1360 4057 Romano
1396 4013 1468 4058 con-

175 4103 259 4168 dicio
281 4121 319 4166 ac
334 4099 477 4183 dignitas
500 4098 703 4165 disseremus.
749 4101 800 4165 vel
822 4099 927 4184 ipsum
950 4109 1076 4183 nomen,
1099 4099 1186 4184 quod
1207 4107 1256 4166 est
1278 4103 1401 4183 equites
1424 4102 1467 4166 le-

175 4261 372 4277 .-.-—--·

278 4358 304 4425 1)
322 4352 454 4408 extremis
481 4351 652 4421 reipublicae
670 4351 843 4420 temporibus
877 4369 926 4405 cur
953 4368 1012 4405 non
1031 4351 1138 4406 luerint
1157 4353 1263 4422 equites
1283 4354 1410 4424 legionis,
1429 4357 1469 4410 vi-

176 4445 248 4501 desis
267 4441 373 4512 Langei
391 4441 455 4496 hiat.
474 4445 543 4494 mut.
562 4441 604 4493 rei
625 4441 684 4494 mil.
702 4457 729 4508 p.
750 4441 792 4508 13,
811 4439 990 4508 Marquardti
1016 4457 1102 4497 roem.
1121 4445 1292 4497 staatsverw.
1314 4443 1341 4496 ll
1360 4461 1386 4513 p.
1406 4445 1469 4513 427,

175 4532 297 4587 Madvici
315 4531 353 4585 lrl.
373 4529 442 4598 phil.
462 4528 532 4582 schr.
551 4545 579 4597 p.
598 4529 648 4580 501
670 4545 696 4580 n.
719 4530 742 4581 l.

274 4622 303 4691 2)
322 4636 411 4688 neque
429 4635 529 4671 nornen
550 4615 673 4670 auctoris
690 4632 780 4684 neque
799 4616 899 4670 titulus
912 4617 1057 4672 Arceriani
1071 4618 1173 4672 codicis
1186 4619 1285 4688 optimi
1302 4623 1470 4676 auctoritate

176 4709 291 4764 fulcitur
310 4711 345 4774 (v.
365 4707 407 4762 ed.
426 4706 513 4776 Lang.
532 4724 559 4775 p.
579 4707 631 4774 51).

1266 4809 1282 4860 3
