3576 5536
733 413 939 480 -35..

184 608 251 668 tatc
272 606 482 692 praestarent.
528 599 639 666 codem
663 605 797 686 spectat,
820 599 906 683 quod
929 599 1061 666 decurio
1084 601 1236 682 equitnm,
1261 619 1355 682 quem
1370 598 1482 665 titulos

184 713 226 786 ΙΙ,
254 713 332 776 1681
354 709 399 794 (n.
422 711 455 788 4)
476 709 618 792 exhibet,
652 710 770 794 dignus
795 709 956 776 iudicatus
979 715 1037 784 est,
1065 708 1121 790 qui
1145 709 1176 772 in
1199 708 1321 792 primos
1354 709 1483 774 ordines

185 821 407 886 centurionum
429 824 669 905 promoveretur
680 820 713 900 ¹).

642 1234 713 1317 ΙΙΙ.
770 1235 819 1316 de
850 1259 1028 1318 numero.

287 1446 453 1512 difficilius
486 1447 563 1530 quin
587 1446 815 1512 difficillimum
839 1447 984 1514 iudicatu
1007 1455 1065 1522 est,
1100 1467 1164 1532 quo
1194 1467 1327 1514 numero
1356 1469 1485 1532 quaqua

187 1556 389 1622 ordinatione
422 1557 548 1639 equites
580 1556 719 1640 legionis
752 1576 813 1640 per
835 1577 928 1623 omne
951 1578 1015 1641 quo
1038 1563 1129 1623 erant
1151 1563 1277 1642 tempus
1299 1558 1483 1641 legionibus

187 1665 292 1732 additi
314 1665 441 1732 tuerint.

228 1782 303 1842 ante
325 1775 434 1841 omnia
460 1772 730 1858 praemittendum
757 1775 818 1846 erit
847 1793 903 1840 cos
924 1794 1099 1858 numquam
1122 1783 1178 1841 aut
1202 1776 1234 1840 vi
1256 1781 1312 1842 aut
1341 1776 1486 1842 multitu·

188 1885 264 1952 dine
298 1884 462 1951 hominurn
494 1882 600 1950 videri
634 1883 736 1950 fuisse
770 1903 888 1967 magno
911 1903 1009 1968 opere
1031 1885 1186 1969 insignes.
1230 1905 1303 1952 mea
1325 1886 1488 1952 sententia

187 1995 327 2060 maxime
350 1995 491 2060 omniurn
513 1993 667 2075 lucorum,
689 1993 808 2075 quibus
831 1992 962 2075 quidem
975 1994 1100 2076 equites
1116 1993 1255 2077 legionis
1274 1997 1486 2076 nominantur,

188 2103 436 2190 apud'Pacitum
460 2105 546 2181 (ann.
559 2102 613 2184 IV,
626 2103 676 2184 73,
699 2123 729 2168 n.
752 2103 787 2183 2)
809 2103 841 2167 in
863 2121 973 2186 pugna
993 2121 1065 2168 oum
1083 2102 1200 2168 Frisiis
1223 2103 1396 2170 commissa
1411 2125 1487 2170 eon·

188 2213 291 2297 spioni
315 2220 398 2291 sunt,
422 2211 543 2298 quippe
566 2231 629 2294 quo
653 2212 723 2277 loco
747 2210 790 2276 ad
813 2211 1041 2278 sustentandas
1056 2211 1203 2278 cobortes
1219 2213 1396 2280 auxiliares
1410 2215 1487 2280 Ger·

187 2341 353 2387 manorum
378 2319 441 2386 iam
464 2319 617 2410 cedentes
640 2317 750 2385 idonei
772 2318 919 2402 satisque
939 2319 1039 2386 validi
1067 2319 1133 2386 sint
1156 2319 1268 2387 babiti.
1312 2330 1346 2388 at
1367 2325 1486 2389 multae
1583 2399 1586 2402 ,

188 2430 332 2514 legiones
354 2437 421 2497 turn
441 2437 553 2496 contra
575 2429 698 2496 Frisios
721 2428 837 2496 ductae
861 2436 944 2506 sunt,
972 2437 1004 2496 et
1028 2430 1084 2494 illo
1108 2437 1250 2516 ternpore
1265 2433 1417 2516 singulas
1439 2434 1483 2498 le-

188 2540 301 2622 giones
329 2545 452 2605 tantum
475 2546 603 2604 centurn
625 2545 657 2604 et
678 2538 793 2622 viginti
817 2539 942 2621 equites
964 2538 1162 2623 legionarios
1185 2539 1338 2608 habuisse
1362 2562 1402 2608 ex
1418 2543 1482 2607 los.

188 2648 218 2714 b.
240 2647 311 2715 lud.
334 2649 392 2732 III,
418 2651 437 2713 6
460 2648 504 2731 (n.
530 2649 581 2730 11)
603 2655 690 2714 certo
714 2649 876 2729 scimust).
908 2648 1486 2732 huncunumexlosephonumerum

189 2758 218 2823 si
240 2777 455 2840 nosceremus,
477 2759 600 2825 nemini
623 2765 701 2843 puto
723 2758 757 2823 in
779 2755 918 2825 mentem
932 2765 1099 2824 venturum
1116 2777 1188 2824 csse
1207 2759 1333 2842 equites
1348 2759 1487 2843 legionis

189 2886 340 2949 umquam
361 2868 470 2950 plures
493 2868 603 2933 fuisse.
635 2859 732 2950 atqui.
754 2867 909 2950 Vegetius
931 2886 1097 2932 numerum
1124 2867 1267 2949 equitum
1293 2868 1432 2952 legionis
1454 2869 1487 2936 in

189 2976 323 3058 antiqua
354 2975 558 3042 ordinatione
580 2975 779 3042 oouxxvl
801 2976 902 3042 fuisse
927 2975 1060 3042 minime
1090 2983 1249 3060 suspecto,
1288 2985 1323 3044 ut
1348 2978 1486 3062 videtur,

188 3085 368 3150 testimonio
390 3083 498 3150 tradit.
542 3085 629 3167 quod
659 3104 715 3150 our
744 3083 985 3159 addubitemus,
1021 3105 1064 3152 eo
1100 3085 1207 3152 minus
1239 3086 1368 3154 videtur
1401 3107 1483 3168 esse,

189 3193 275 3277 quod
307 3195 404 3260 etiam
437 3193 568 3276 quoteni
600 3193 725 3276 equites
763 3195 902 3277 legionis
937 3195 1075 3278 singulis
1109 3193 1294 3261 cohortibus
1327 3196 1485 3280 adscripti
1539 3267 1540 3271 ,

189 3303 314 3387 fuerint,
345 3303 459 3369 eadem
488 3302 551 3368 fide
586 3302 749 3387 perhibet:
783 3304 908 3370 scilicet
941 3305 1055 3369 ceteris
1078 3323 1194 3370 novem
1217 3303 1332 3386 LXVI,
1358 3293 1483 3390 primae

190 3411 358 3478 CXXXII.
381 3420 413 3478 et
433 3412 544 3495 Lange
562 3419 594 3478 et
608 3413 758 3478 Foerster
770 3413 905 3496 Vegetio
921 3412 1018 3478 fidem
1033 3413 1223 3479 babuerunt.
1246 3413 1299 3478 hic
1315 3415 1359 3498 (p.
1372 3415 1391 3477 9
1405 3417 1489 3498 sqq.)

189 3521 323 3605 exponit
356 3540 391 3586 se
425 3520 557 3588 credere
587 3521 630 3586 ab
652 3520 819 3586 Hadriano
853 3540 1020 3586 numerum
1050 3527 1180 3587 anctum
1204 3541 1284 3588 esse.
1318 3522 1376 3588 sed
1402 3523 1489 3606 quod

188 3637 318 3696 auctum
349 3635 515 3715 tantopere
549 3650 716 3697 numerum
750 3629 894 3713 equitum
915 3630 1172 3713 'legionariorum
1194 3630 1362 3697 Hadriano
1393 3634 1484 3717 pacis

190 3739 412 3804 amantissimo
445 3745 541 3822 atque
567 3738 686 3806 finibus
710 3740 838 3824 imperii
861 3759 941 3823 paee
963 3739 1186 3806 custodiendis
1208 3739 1486 3825 defendendisquc

189 3851 327 3915 maxime
349 3849 521 3915 convenire
543 3849 728 3931 arbitratur,
751 3848 779 3914 si
801 3867 909 3914 seeum
922 3849 1123 3930 reputaverit
1137 3850 1215 3914 satis
1229 3849 1332 3916 luisse
1347 3851 1490 3934 equitum

191 3958 397 4024 auxiliarium
420 3964 452 4024 et
474 3958 598 4024 alarum
621 3963 654 4024 et
676 3956 855 4023 cohortium
871 3957 1098 4040 equitatorum,
1113 3951 1170 4040 q'ui
1185 3957 1350 4042 peditibus
1366 3961 1489 4026 associ-

191 4073 322 4134 arentnr
344 4067 494 4151 quolibet
508 4085 640 4134 numero
662 4072 879 4150 quotcumque
902 4066 1108 4148 stationibus,
1142 4065 1189 4132 ita
1216 4073 1252 4133 ut
1273 4087 1329 4134 cnr
1351 4069 1490 4152 legionis

190 4229 389 4242 ———

292 4331 318 4398 l)
336 4329 373 4384 ob
393 4329 423 4384 id
441 4328 558 4385 dubium
576 4345 633 4384 non
651 4329 773 4398 videtur,
792 4328 861 4399 quin
879 4327 987 4398 equites
1005 4327 1035 4382 in
1053 4327 1103 4382 illo
1121 4327 1206 4382 titulo
1226 4327 1410 4398 intellegendi
1428 4329 1485 4384 sint

191 4419 217 4472 le
240 4417 319 4472 'on‘a

218 4436 247 4489 8¹
286 4436 319 4575 l2)
336 4505 425 4576 igitur
443 4505 467 4558 si
485 4503 518 4559 L.
537 4505 680 4575 Apronius
698 4521 792 4560 omnes
811 4508 946 4574 quattuor
964 4502 1098 4573 legiones,
1116 4520 1188 4572 qnae
1206 4506 1267 4558 turn
1287 4504 1317 4558 in
1335 4505 1487 4560 Germania

190 4594 324 4650 inferiore
343 4598 423 4648 erant
442 4592 573 4658 (Pfitaner
592 4611 620 4663 p.
641 4595 714 4663 135),
736 4611 799 4648 cum
816 4610 913 4648 earum
932 4591 1074 4662 equitibus
1093 4592 1258 4662 legionariis
1277 4597 1376 4647 eontra
1395 4593 1488 4648 hostes

190 4682 272 4738 duxit
294 4713 323 4723 -
345 4701 379 4737 ex
392 4683 541 4737 Germania
555 4683 627 4736 enim
642 4682 785 4752 superiore
794 4683 899 4738 vexilla
909 4682 999 4737 solum
1013 4681 1148 4736 arcessita
1157 4684 1240 4736 erant
1252 4711 1285 4720 -
1300 4680 1491 4736 OCCCLXXX

191 4772 251 4826 fere
267 4772 375 4841 equites
394 4771 543 4840 legionarii
562 4771 605 4826 illi
623 4789 733 4842 pugnae
752 4770 951 4825 interfuerunt.
