3576 5536
855 425 1062 490 ..38-

306 612 413 693 getius
435 612 548 694 aequis
572 617 604 677 et
626 611 731 678 solitis
755 609 958 695 portionibus
982 611 1065 676 inter
1087 609 1198 678 decem
1222 612 1369 681 cohortes
1392 613 1529 696 legionis
1551 611 1603 678 di-

308 719 438 786 stribnit
459 720 516 803 ita,
539 727 574 786 ut
595 719 711 786 ceteris
734 720 917 786 cohortibus
941 719 1048 786 LXVI
1070 720 1138 805 (qui
1158 728 1369 788 ostnumerus
1386 720 1521 788 duarum
1536 728 1613 788 tur-⁴

306 848 439 910 marum,
463 847 597 911 quarum
616 849 681 895 una
702 835 772 894 erat
794 827 949 893 XXXIII·
959 813 1141 908 ¹hominum;
1164 829 1203 894 cf.
1222 829 1263 910 ll,
1287 829 1336 910 14,
1357 849 1386 894 v.
1405 851 1436 912 p.
1449 831 1490 896 40
1511 852 1541 897 n.
1556 831 1601 912 t),

306 938 430 1021 primae
450 957 538 1019 vero,
561 943 597 1004 ut
618 957 677 1022 par
698 943 777 1019 erat,
799 937 933 1022 duplum
948 936 1042 1002 daret
1057 949 1232 1003 numerum.
1264 938 1326 1004 isto
1347 937 1441 1006 modo
1454 939 1523 1004 ficri
1538 959 1601 1004 non

306 1047 419 1131 potuit,
450 1048 526 1129 quin
559 1052 683 1112 tantum
715 1046 965 1129 legionariorum
999 1046 1141 1128 equitum
1169 1066 1336 1113 numerum
1358 1048 1513 1130 Vegetius
1535 1047 1602 1114 effi-

307 1163 401 1222 ceret.
437 1155 465 1222 si
493 1155 546 1222 oui
580 1154 685 1220 minus
719 1154 887 1240 probabile
908 1153 942 1220 id
962 1153 1099 1238 videtur,
1135 1155 1163 1221 is
1192 1154 1252 1222 hac
1274 1175 1308 1222 re
1329 1155 1454 1222 conlido
1476 1157 1543 1222 fore
1569 1163 1604 1223 ut

307 1266 526 1348 convincatur,
549 1263 636 1348 quod
652 1264 718 1331 alio
737 1259 833 1330 modo
856 1265 945 1331 nullo
968 1263 1125 1348 explicari
1150 1271 1256 1348 potest
1271 1264 1456 1332 differentia
1474 1265 1555 1332 mira
1570 1273 1603 1332 et

307 1374 414 1442 adhuc
437 1373 596 1440 immerito
619 1374 776 1458 neglecta,
795 1391 878 1456 quae
901 1371 1073 1440 intercedit
1099 1375 1182 1440 inter
1198 1393 1352 1441 summam
1365 1395 1445 1453 eam,
1470 1394 1552 1458 quae
1568 1374 1603 1440 lit

307 1484 428 1551 additis
452 1484 563 1552 decem
585 1485 724 1551 numeris
748 1484 899 1566 equitum,
931 1488 963 1548 et
985 1502 1065 1560 eam,
1101 1503 1197 1567 quam
1220 1483 1374 1568 Vegetins
1397 1484 1467 1568 ipse
1490 1483 1602 1550 adfert.

310 1594 338 1660 si
370 1593 456 1660 enim
486 1594 688 1678 singularum
721 1590 900 1659 cohortium
932 1593 1058 1675 equites
1080 1593 1266 1676 contuleris,
1298 1594 1331 1660 in
1359 1593 1487 1678 legione
1510 1601 1603 1660 erunt

259 1745 279 1786 0
306 1703 506 1769 DOGXXVI
540 1703 677 1786 equites.
711 1707 746 1768 at
781 1700 894 1787 optimi
924 1699 1054 1770 codices
1084 1722 1193 1769 omnes
1225 1724 1289 1770 una
1309 1724 1389 1772 voce
1413 1703 1604 1770 confirmant

307 1814 410 1880 fuisse
432 1813 465 1878 in
487 1813 615 1896 legione
638 1832 701 1878 non
725 1809 926 1879 DCOXXVI
948 1811 1006 1878 sed
1028 1811 1214 1878 Dooxxx
1236 1814 1370 1896 equites.
1397 1833 1530 1898 quorum
1552 1833 1603 1879 co·

307 1923 415 1990 dicum
438 1921 518 1989 lidos
539 1928 572 1989 et
592 1942 650 2004 per
673 1942 708 1989 se
731 1928 795 1989 stat
816 1927 849 1988 et
874 1941 912 1988 eo
935 1922 1041 1988 minus
1064 1921 1285 1990 addubitanda
1306 1929 1364 2002 est,
1398 1922 1484 2006 quod
1506 1921 1603 1988 nimis

308 2033 405 2098 facile
429 2032 498 2099 fieri
522 2037 655 2116 poterat,
679 2037 714 2098 ut
735 2031 940 2098 librariorum
963 2031 1015 2098 hic
1037 2033 1088 2098 vel
1111 2033 1175 2114 ille,
1202 2032 1409 2117 quiquidem
1434 2051 1604 2098 numerare

309 2142 397 2208 mille
409 2143 535 2209 sciebat
547 2147 579 2208 et
590 2141 717 2225 Vegetii
733 2162 881 2224 numeros
892 2147 1102 2226 computarat,
1115 2163 1281 2210 numerum
1293 2163 1403 2210 verum
1418 2141 1604 2209 DOCXXX

309 2250 367 2318 sed
399 2258 631 2336 repugnantem
662 2253 765 2336 ipsius
788 2252 915 2336 Vegetii
937 2250 1091 2318 divisioni
1125 2254 1307 2318 immutaret
1339 2253 1372 2318 in
1397 2251 1604 2318 nooxxvl.

309 2360 369 2427 lioo
395 2360 483 2444 quod
512 2381 574 2427 non
598 2362 752 2438 lecerunt,
785 2361 875 2428 laudi
904 2361 1075 2428 tribuimus
1098 2360 1253 2437 librariis;
1286 2360 1440 2444 chetins
1471 2381 1548 2427 vero
1570 2366 1605 2427 ut

309 2469 372 2536 sibi
396 2470 616 2554 imprudenter
638 2471 715 2555 egit,
737 2472 786 2538 sic
807 2470 901 2538 nobis
923 2470 1056 2554 reliquit
1081 2471 1264 2553 vestigium,
1288 2489 1351 2554 quo
1374 2471 1531 2554 possimus
1551 2491 1604 2537 ve-

307 2587 384 2646 rum
399 2579 566 2664 indagare.
601 2581 629 2648 si
648 2574 812 2648 rationem
831 2574 955 2660 inisset,
988 2587 1127 2647 mutaret
1149 2581 1290 2665 oportuit
1308 2600 1484 2662 numerum,
1509 2599 1605 2663 quem

309 2697 421 2757 auctor
454 2691 632 2775 praebebat
651 2690 849 2758 DGGXXX.
883 2690 950 2758 ,sed
971 2710 1012 2756 ne
1034 2695 1158 2756 tantum
1181 2687 1312 2772 quidem
1334 2687 1527 2773 prudentiae
1549 2688 1604 2755 ad-

310 2800 417 2867 hibuit
425 2802 458 2882 ¹).
1093 2823 1096 2832 ¹

733 3193 799 3278 IV.
853 3191 903 3275 de
933 3189 1186 3274 ordinatione.

409 3419 496 3502 quod
520 3418 712 3485 sividimus
734 3439 838 3502 neque
861 3425 934 3502 post
953 3416 1154 3483 Hadrianum
1177 3437 1282 3500 neque
1304 3417 1363 3483 sub
1386 3417 1455 3482 eius
1471 3417 1606 3501 imperio

310 3549 370 3595 neo
389 3535 465 3594 ante
485 3530 556 3596 eam
578 3534 717 3594 aetatem
739 3528 865 3610 equites
887 3527 1027 3612 legionis
1051 3533 1099 3592 tot
1120 3533 1196 3609 quot
1211 3526 1366 3610 Vegetius
1385 3525 1473 3603 dicit,
1496 3545 1607 3591 verum

311 3659 370 3722 per
392 3644 492 3705 totum
515 3658 579 3722 quo
602 3644 693 3704 erant
716 3645 843 3722 tempus
868 3637 1013 3704 eiusdem
1037 3637 1105 3703 lere
1128 3636 1251 3703 numeri
1274 3623 1376 3702 videri
1403 3633 1550 3717 loiseel),
1572 3633 1607 3700 id

311 3893 484 3963 praestitisse
503 3891 543 3960 (b.
562 3909 585 3946 c.
604 3891 655 3957 111,
673 3889 721 3959 91)
740 3893 826 3960 atque
844 3888 879 3944 ab
898 3888 1020 3959 Augusti
1048 3890 1139 3943 aetate
1165 3887 1254 3943 altero
1271 3889 1351 3941 tauto
1370 3885 1504 3940 maiorem
1523 3883 1607 3960 fuisse
1647 3871 1653 3883 '

312 3983 371 4037 veri
391 3987 433 4037 est
451 3981 542 4036 simile
560 3980 661 4050 (Marq.
680 3980 708 4034 II
725 3998 753 4050 p.
774 3979 848 4048 585).

411 4071 438 4139 l)
457 4089 514 4125 non
532 4087 602 4140 opus
622 4069 677 4124 erit
694 4068 772 4124 dictu
786 4068 827 4124 rei
846 4067 950 4138 gnaris,
969 4067 1000 4135 si,
1021 4085 1092 4136 quae
1114 4065 1231 4121 anobis
1249 4063 1440 4133 disputantur,
1460 4078 1528 4117 vcra
1540 4061 1607 4128 sint,

311 4159 439 4214 ultimam
470 4158 563 4229 perire
592 4176 670 4228 spem
699 4156 883 4228 cognoscendi
904 4175 938 4212 ex
959 4155 1086 4226 Vegetio,
1115 4171 1186 4223 quae
1209 4151 1367 4208 Hadrianus
1392 4150 1422 4204 in
1440 4167 1470 4206 re
1490 4148 1607 4205 militari

312 4248 466 4304 novaverit.

412 4339 442 4406 2)
461 4355 551 4406 neque
577 4353 644 4392 vero
671 4334 833 4406 negaverim
861 4333 1003 4388 interdum
1022 4332 1052 4386 in
1070 4331 1186 4402 singulis
1204 4330 1361 4402 legionibus
1379 4347 1431 4398 pro
1449 4328 1490 4382 rei
1507 4343 1607 4397 oppor-

312 4425 436 4480 tunitate
454 4443 505 4494 per
522 4424 696 4494 aliquantum
717 4422 851 4493 temporis
871 4440 917 4476 eos
938 4426 1034 4477 auctos
1048 4421 1116 4489 quin
1126 4419 1283 4491 duplicatos
1295 4418 1380 4472 etiarn
1393 4435 1460 4486 esse,
1479 4420 1609 4485 utsupra

313 4531 346 4568 ex
374 4514 433 4568 clu
459 4513 508 4582 III,
537 4515 608 4569 6178
635 4512 770 4566 maiorem
802 4511 884 4566 solito
918 4527 1065 4565 numerum
1098 4507 1293 4564 ratiocinando
1321 4507 1450 4561 videmur
1477 4503 1606 4560 effecisse.

314 4619 397 4671 qnam
426 4603 462 4657 ob
490 4619 549 4656 rem
575 4601 797 4670 omnitempore
825 4600 854 4653 in
879 4599 1008 4654 omnibus
1035 4599 1192 4670 legionibus
1217 4601 1324 4652 certum
1346 4600 1375 4651 et
1393 4593 1539 4649 definitum
1558 4610 1607 4646 nu·

313 4706 421 4745 merum
440 4689 525 4744 fuisse
542 4689 618 4744 hand
636 4688 810 4743 crediderim.
848 4705 905 4743 non
924 4687 1064 4744 immerito
1083 4687 1172 4758 igitur
1199 4686 1275 4756 apud
1296 4684 1476 4754 Spartianum
1501 4681 1605 4751 (Carae

313 4797 336 4834 c.
355 4781 381 4845 6)
403 4778 584 4834 nominantur
606 4775 725 4847 ‘equites
745 4775 974 4832 extraordinarii’
990 4765 1042 4844 ⁸(cl.
1062 4793 1090 4846 p.
1110 4777 1144 4830 42
1157 4793 1184 4830 n.
1197 4775 1234 4844 b).
1271 4774 1319 4830 sed
1337 4778 1432 4828 tamen
1454 4769 1608 4826 cavendum
