3576 5536
732 333 979 450 -439

186 570 368 654 spernenda
389 571 520 654 Vegetii
543 571 642 637 verba
665 572 838 638 memoriae
859 571 1043 640 mandantis
1066 575 1222 656 praefecti
1237 576 1376 658 legionis
1392 595 1483 659 prae-

185 690 279 764 cepto
300 682 446 764 equitum
469 681 567 747 etiam
590 679 839 764 legionariorum
862 683 1125 748 exercitationem
1148 683 1255 750 ourani
1277 670 1332 766 (ΙΙ,
1354 684 1398 767 9).

185 942 269 994 quern
288 923 411 994 negabit.
438 923 528 978 alares
547 923 621 978 euim
641 923 756 978 minime
774 922 830 978 (liei
848 927 966 992 possunt
985 924 1210 992 extraordinarii,
1229 924 1322 994 potius
1334 925 1483 995 legionarii

186 1015 227 1084 (p.
240 1017 313 1068 3811.
325 1014 363 1080 2).
401 1016 485 1081 atque
503 1011 604 1080 quibus
623 1011 686 1066 aliis
705 1011 797 1081 aptius
815 1011 970 1081 praefuisse
995 1029 1058 1066 eum
1077 1011 1258 1081 suspicemur,
1279 1013 1327 1082 qui
1346 1012 1422 1068 baud
1440 1014 1481 1068 ita

185 1102 274 1156 multo
292 1105 356 1171 post
374 1099 467 1154 omnia
486 1099 573 1170 legati
593 1098 710 1169 legionis
729 1097 823 1153 officia
841 1115 1007 1167 omnemque
1033 1103 1200 1168 potestatem
1227 1100 1374 1154 obtinebat
1399 1102 1484 1170 inque

185 1191 243 1246 eius
262 1191 354 1244 loeunr
372 1187 504 1243 suecessit
523 1187 570 1256 (ol.
589 1186 683 1241 Wilm.
702 1185 721 1240 l.
741 1187 759 1240 l.
777 1204 803 1256 pl
828 1187 910 1252 lom?
929 1215 962 1224 —
982 1185 1090 1240 sedeur
1103 1186 1132 1240 id
1144 1204 1252 1256 munus,
1271 1187 1294 1241 si
1309 1189 1481 1258 fungebatur·

184 1279 342 1350 praefectus
362 1277 489 1348 legionis,
508 1276 533 1331 ei
550 1295 567 1330 a
586 1275 735 1345 Spartlano
755 1275 892 1345 expressis
910 1274 1002 1328 verbis
1020 1274 1208 1345 adsignatur?
1226 1279 1295 1346 puto
1315 1275 1385 1339 ideo,
1405 1279 1481 1346 quod

185 1371 283 1423 auctor
301 1366 444 1436 Spartiani
470 1364 594 1435 [videtur
616 1382 675 1418 esse
703 1363 809 1417 Marius
827 1362 975 1429 Maximus,
994 1363 1029 1418 ul.
1048 1363 1070 1416 1.
1097 1363 1117 1417 Ι.
1136 1363 1254 1418 Mueller
1282 1364 1311 1417 in
1336 1365 1481 1436 ‘Bueding¹

185 1461 289 1510 unless.
317 1475 340 1508 z.
371 1472 457 1509 roem.
484 1447 659 1522 kaisergsob.'
681 1451 723 1506 111
743 1469 789 1520 pp.
810 1453 852 1504 ul.
872 1453 907 1505 98
926 1451 996 1522 sqq.}
1017 1469 1074 1505 uou
1092 1453 1180 1507 multo
1200 1455 1265 1522 post
1283 1470 1384 1510 novam
1404 1453 1482 1524 (Sop-

185 1544 260 1612 timi)
279 1542 483 1598 ordinationem
501 1540 654 1612 prodierat,
675 1557 730 1610 quo
751 1544 877 1609 ternpore
895 1539 967 1594 illud
990 1557 1098 1603 munus,
1119 1546 1218 1611 utpote
1233 1559 1344 1605 novum,
1364 1542 1393 1596 in
1403 1561 1481 1614 prae·

185 1632 258 1689 feeto
277 1631 395 1702 legionis
414 1630 508 1700 poluit
525 1629 628 1684 notari.
