3576 5536
859 408 1065 480 „35-

312 595 515 685 potissimum
538 599 663 684 equites
686 605 890 682 augerentur,
913 621 977 666 non
999 600 1106 682 fuerit,
1127 618 1167 665 ne
1189 599 1260 683 ipse
1274 598 1414 682 quidem,
1439 607 1526 684 puto,
1549 619 1608 684 pro

223 707 226 714 ’
313 716 501 793 argumento
523 709 666 776 habebit.
700 709 762 777 hac
785 711 873 774 inre
895 715 1133 794 peropportune
1156 709 1285 792 accidit,
1307 708 1395 792 quod
1410 729 1451 775 ex
1473 709 1536 775 fine
1550 711 1608 776 im-

212 903 213 908 *
311 822 395 906 perii
417 825 488 889 eius
511 823 726 908 imperatoris,
749 821 807 906 qui
830 823 956 905 equites
978 823 1115 906 legionis
1132 822 1308 888 mutavisse
1324 821 1467 888 creditur
1480 857 1520 870 -
1533 841 1607 886 narn

311 937 385 1014 post
407 932 607 1001 Hadrianum
639 953 679 999 ne
708 933 845 1016 eogitari
876 931 1008 1014 quidem
1041 932 1083 998 de
1110 951 1270 1015 quoquam
1293 932 1356 998 alio
1378 950 1475 1016 posse
1497 950 1607 998 ornnes

311 1048 439 1125 praeter
460 1041 715 1126 Marquardtium
748 1048 834 1108 recte
867 1047 1037 1108 senserunt
1048 1041 1072 1124 ¹)
1097 1077 1145 1122 -,
1178 1039 1221 1106 ad
1252 1061 1310 1106 nos
1325 1068 1331 1076 ²
1344 1041 1492 1125 pervenit
1519 1041 1608 1106 testi·

310 1153 450 1217 monium
473 1150 537 1218 iide
558 1151 795 1236 dignissimum,
819 1157 854 1218 ut
876 1150 962 1234 quod
983 1151 1024 1217 ab
1048 1151 1195 1230 Arriano,
1219 1151 1321 1236 ipsius
1345 1151 1548 1236 imperatoris
1563 1152 1606 1216 le·

311 1266 387 1344 gato
420 1263 529 1344 reique
562 1260 714 1328 militaris
749 1260 947 1346 peritissimo
975 1260 1185 1345 perhibeatur
1206 1282 1269 1327 non
1291 1261 1325 1328 id
1348 1260 1478 1344 quidem
1501 1259 1606 1327 verbis

312 1370 474 1456 expressis
496 1371 555 1436 sed
577 1370 722 1437 tacendo.
755 1370 847 1436 ouius
871 1365 936 1434 ἔκι.
959 1369 1027 1434 κατ’
1051 1361 1119 1435 Ἀλ.
1143 1391 1215 1436 cum
1233 1391 1351 1437 aunum
1366 1372 1424 1435 136
1440 1392 1469 1455 p.
1487 1370 1520 1436 O.
1538 1390 1608 1455 pro-

312 1478 378 1561 dat,
401 1499 465 1562 quo
487 1499 571 1546 anno
594 1485 706 1546 auctor
727 1480 855 1563 legatus
881 1477 1109 1564 Cappadociae
1132 1487 1200 1544 erat
1222 1480 1330 1561 (Dion.
1348 1500 1396 1564 ep.
1411 1480 1530 1563 LXIX,
1555 1481 1607 1560 15;

312 1589 352 1655 cf.
375 1588 493 1656 Renier
521 1609 618 1656 revue
640 1588 779 1656 arohtol.
805 1589 884 1653 1877
907 1609 938 1672 p.
965 1589 1023 1653 199
1045 1609 1131 1672 sqq.;
1164 1589 1319 1673 Rorghesi
1339 1609 1446 1656 oeuvr.
1468 1590 1522 1670 IV,
1549 1589 1607 1653 103

312 1699 405 1783 sqq),
439 1699 509 1766 sine
544 1699 643 1764 dubio
674 1705 741 1764 tum
763 1697 968 1780 (breviante
992 1705 1125 1765 mortem
1147 1698 1318 1780 Hadriani)
1341 1719 1457 1765 novam
1479 1698 1607 1764 ordina-

312 1811 431 1875 tionem
454 1809 597 1892 equitnm
620 1808 881 1892 legionariorum,
906 1808 932 1874 si
956 1809 1027 1891 fuit,
1050 1814 1135 1874 stare
1158 1809 1308 1892 oportuit.
1335 1809 1476 1874 sedoum
1493 1808 1607 1891 legeris

312 1917 438 1983 itineris
472 1919 629 1984 rationem
662 1918 704 1984 ab
726 1918 865 1984 Arriano
887 1918 1128 2002 praescriptam,
1163 1917 1300 2001 primum
1324 1917 1490 1997 mirabere,
1522 1917 1608 2000 quod

311 2033 419 2093 tantus
441 2027 583 2110 equitum
607 2041 757 2094 numerus
780 2035 890 2094 careat
909 2028 1041 2111 proprio
1064 2026 1144 2093 duee
1163 2028 1197 2107 (ὅ
1219 2026 1297 2110 4)²),
1321 2035 1377 2093 unt
1392 2027 1507 2093 saltem
1523 2026 1608 2109 quod

312 2157 376 2202 non
398 2135 539 2202 habeant
554 2137 686 2220 ¹equites
702 2130 839 2220 legionis
854 2156 925 2202 oum
941 2136 1062 2218 electis,
1079 2136 1134 2218 qni
1153 2157 1218 2202 una
1232 2135 1488 2221 proficiscuntur,
1512 2155 1606 2220 pecu·

312 2246 426 2311 liorem
460 2247 690 2330 praepositum.
731 2253 764 2312 at
786 2246 933 2312 cohortes
957 2251 989 2312 et
1010 2246 1083 2311 alae
1109 2245 1237 2311 hahent.
1270 2245 1302 2310 id
1324 2265 1451 2328 quoque
1474 2246 1543 2310 iure
1567 2265 1607 2310 ex

311 2355 449 2420 Arriano
472 2355 662 2439 quaesieris,
695 2376 752 2422 cur
783 2357 892 2440 paullo
922 2361 996 2441 post
1019 2357 1051 2420 in
1075 2355 1146 2422 acie
1169 2355 1357 2422 instruenda
1379 2356 1504 2437 equites
1529 2355 1607 2438 legi-

312 2466 383 2530 onis
403 2465 555 2548 indignos
568 2465 812 2549 existimaverit,
836 2486 915 2549 quos
932 2473 1203 2532 commemoraret.
1229 2465 1373 2532 at'electi
1385 2465 1609 2543 nominantur;

313 2574 454 2658 equitum
479 2595 554 2640 vero
576 2576 726 2658 legionis,
759 2577 905 2658 quamvis
936 2575 1094 2658 dignitate
1115 2576 1211 2659 primi
1232 2574 1462 2659 principesque
1483 2573 1608 2656 equites

313 2685 379 2750 siut
401 2690 433 2751 et
455 2704 606 2750 uumerus
628 2683 714 2750 haud
737 2685 885 2768 exiguus,
908 2686 997 2750 nulla
1018 2685 1138 2751 mentio
1147 2685 1181 2764 Β).
1204 2683 1306 2768 vides,
1328 2704 1424 2767 quam
1446 2704 1510 2748 non
1534 2701 1605 2749 oon-

311 2796 419 2860 veuiot
452 2813 582 2859 numero
604 2793 783 2878 Vegetiano
806 2793 851 2876 id,
884 2791 970 2876 quod
993 2791 1033 2858 de
1058 2791 1098 2866 iis
1121 2792 1343 2876 comperimus.
1389 2791 1446 2858 sed
1472 2793 1608 2858 fortasse

312 2904 493 2970 accuratius
526 2903 708 2985 certiusque
742 2903 879 2986 probare
910 2923 1080 2986 possumus
1111 2904 1255 2986 eqrvitum
1284 2902 1422 2986 legionis
1442 2922 1609 2966 numerum

312 3013 371 3080 suh
394 3011 561 3077 Hadriano
595 3033 659 3077 non
687 3032 758 3078 esse
789 3013 933 3097 potuisse
951 3012 1158 3078 DOOXXVI.
1185 3011 1334 3078 inventus
1358 3019 1407 3078 ost
1430 3013 1463 3076 in
1485 3011 1609 3076 Moesia

311 3123 423 3188 titulus
448 3121 532 3197 (011.
549 3121 609 3194 ΙΙΙ,
633 3121 728 3201 6178)
747 3121 817 3206 ipse
841 3141 968 3204 quoque
992 3123 1109 3187 ultimis
1123 3120 1280 3186 Hadriani
1304 3122 1490 3206 imperantis
1513 3121 1607 3186 annis

313 3234 509 3314 exaratus⁴).
557 3251 620 3315 quo
658 3231 751 3296 titulo
787 3237 1012 3296 enumerantur
1044 3231 1189 3296 veterani
1221 3230 1360 3313 legionis
1394 3229 1608 3312 cuiusdam⁵)‚

313 3340 346 3406 in
384 3340 435 3406 his
468 3341 592 3423 equites
622 3341 770 3422 legionis,
805 3359 936 3423 quorum
976 3341 1107 3406 nomina
1139 3339 1173 3404 in
1209 3339 1394 3406 cohortibus
1426 3339 1458 3402 ΙΙ
1493 3345 1524 3405 et
1561 3339 1609 3404 Ill

312 3458 344 3516 et
367 3451 412 3515 IV
434 3452 618 3516 etiamnunc
641 3456 822 3534 supersunt.
847 3452 873 3516 si
896 3470 1060 3516 numerum
1076 3455 1300 3516 veteranorum
1317 3449 1608 3535 computaverimus

312 3566 344 3625 et
375 3558 519 3644 peditum
553 3580 624 3625 oum
658 3561 801 3642 equitum
835 3579 965 3642 numero
995 3559 1233 3642 contulerimus,
1261 3561 1345 3624 iuter
1369 3558 1469 3624 denos
1492 3559 1632 3654 quinos·

228 3659 230 3664 ’
311 3669 378 3736 fere
412 3669 541 3755 pedites
576 3667 727 3735 dimissos
761 3689 832 3735 esse
867 3670 1011 3752 singulos
1045 3671 1167 3752 equites
1190 3668 1380 3735 videbimus.
1425 3669 1609 3734 curatione

312 3780 469 3846 translatu
501 3779 535 3844 in
568 3777 707 3861 legionis
743 3798 920 3860 numerum,
953 3778 982 3844 si
1018 3777 1178 3862 legionem
1214 3777 1376 3844 hominum
1404 3779 1504 3844 fuisse
1527 3779 1610 3844 inter

310 3907 509 3918 —n——nn

413 3973 440 4044 1)
459 3965 584 4028 nostram
602 3973 637 4028 de
655 3973 708 4029 huc
727 3991 757 4028 re
777 3973 944 4030 sententiam
964 3990 1179 4044 exponemusp.
1201 3977 1235 4029 37
1248 3992 1275 4029 u.
1298 3975 1324 4028 5.

412 4061 606 4131 deffl
1364 4123 1366 4128 Ι

412 4151 439 4220 3)
458 4151 488 4205 id
515 4149 628 4218 quidem
658 4149 727 4203 adeo
753 4148 829 4202 credi
858 4166 914 4202 non
942 4166 1022 4219 posse
1051 4165 1157 4217 censeo,
1184 4153 1217 4204 ut
1235 4150 1346 4204 etiamsi
1365 4150 1472 4219 equites
1491 4149 1609 4220 legionis

312 4239 400 4294 multo
420 4239 527 4299 minore
546 4255 662 4292 numero
682 4255 766 4306 quam
784 4236 940 4306 Vegetiuno
961 4237 1046 4291 fuisse
1065 4237 1197 4307 opineris,
1216 4241 1309 4291 tamen
1322 4236 1383 4292 fieri
1396 4243 1525 4306 nequeat,
1541 4237 1609 4307 quin

312 4328 419 4397 aliquid
441 4327 594 4382 verborum
616 4324 731 4378 Arriani
751 4325 935 4378 interciderit.
972 4342 1082 4380 necesse
1108 4330 1200 4380 autem
1219 4329 1280 4379 erat
1298 4325 1405 4394 equites
1424 4324 1542 4393 legionis
1561 4342 1608 4378 no-

312 4415 486 4469 minarentur
502 4414 518 4481 ξ
537 4413 580 4466 22.
620 4412 715 4480 itaque
734 4412 860 4480 suspicor
878 4412 952 4466 inter
970 4409 1110 4466 ‘ioruoov'
1132 4417 1160 4467 et
1180 4411 1243 4466 ‘sol’
1261 4413 1354 4467 deesse
1370 4407 1424 4466 ‘ool
1444 4417 1470 4466 ot
1488 4409 1545 4466 ἀπὸ
1565 4414 1610 4478 τῆς

312 4497 456 4573 φάλαγγος
486 4501 596 4559 ἱππεῑς’.
634 4517 705 4568 quae
733 4500 820 4555 verbe
848 4499 883 4553 ob
908 4501 1119 4555 similitudinem
1146 4503 1321 4569 sequentium
1340 4499 1395 4554 ‘aul
1414 4502 1468 4556 τῶν
1487 4499 1543 4555 vind
1565 4503 1610 4567 τῆς

312 4584 465 4660 φάλαγγος’
483 4590 565 4644 facile
586 4594 739 4660 potuerunt
758 4608 774 4644 a
793 4590 910 4647 librario
930 4591 1032 4646 omitti.

412 4681 439 4744 4)
458 4678 531 4733 circa
550 4697 574 4732 a.
597 4679 656 4746 134,
675 4695 702 4732 v.
721 4695 747 4732 n.
770 4679 811 4731 16.

411 4768 439 4835 ὅ)
457 4767 482 4820 V
501 4765 696 4821 Macedonicae
716 4765 898 4832 (Mommsen),
917 4767 952 4820 ci.
972 4766 1050 4821 Piitz.
1070 4767 1088 4820 l.
1108 4785 1130 4821 c.
1150 4785 1197 4836 pp.
1219 4769 1262 4821 86.
1286 4769 1344 4835 163,
1372 4768 1422 4821 Ea
1440 4767 1479 4820 IV
1499 4785 1526 4836 p.
1548 4766 1606 4820 528.
1654 4737 1656 4742 Ι
