3576 5536
720 408 929 474 ...31-

275 597 329 680 34)
358 597 449 678 VHI,
472 599 573 664 9796.
605 597 744 663 Mouret.
771 595 857 661 Once.
1494 603 1636 658 238-263

176 708 213 787 Q.
247 708 275 772 b.
305 707 325 772 f.
360 707 383 772 f.
417 707 460 772 sit
500 709 627 793 equites
656 709 745 772 Deae
777 707 913 790 Magnae
946 707 1065 790 virgini
1099 705 1230 770 caelesti
1269 704 1475 768 restituerunt

175 819 328 902 templum
364 818 492 881 numine
530 816 602 900 ipso
641 815 786 882 dictante
825 819 951 900 equites
991 819 1174 882 constanter
1208 832 1279 878 eum
1320 813 1474 896 templum

176 928 393 993 restituerunt.

283 1061 307 1114 si
326 1059 433 1129 equites
455 1059 659 1129 intelleguntur
683 1057 832 1128 legionarii
852 1057 896 1122 (cf.
915 1058 1034 1112 similem
1053 1057 1098 1111 tit.
1118 1057 1159 1110 Ill
1181 1056 1283 1125 ructu),
1307 1072 1415 1109 neeesse
1435 1058 1476 1108 est

247 1149 362 1204 titulum
380 1149 456 1203 intra
475 1165 562 1202 annos
581 1147 634 1201 238
654 1152 682 1201 et
701 1147 753 1201 253
773 1147 907 1216 scriptum
927 1164 995 1214 esse,
1014 1147 1115 1215 quibus
1134 1145 1213 1200 annis
1234 1144 1299 1198 solis
1318 1144 1347 1197 in
1366 1143 1475 1198 Maure·

247 1239 325 1292 tania
345 1237 418 1307 legio
437 1240 529 1292 castra
547 1235 680 1290 habuerit
699 1235 770 1303 (CIL
789 1235 856 1289 VIII
875 1235 963 1305 praei.
983 1253 1009 1305 p.
1029 1234 1081 1289 XX
1091 1233 1151 1304 sq).

276 1408 330 1492 35)
360 1408 496 1489 V‚896'.
534 1409 690 1492 Aquileia.
1494 1433 1564 1470 saec.
1583 1415 1622 1469 IV
1640 1414 1676 1482 (l)

176 1519 353 1599 (deroldus
368 1520 509 1586 lustinus
525 1519 617 1602 equis
640 1521 650 1584 i
666 1522 719 1603 lig.
737 1520 785 1585 XI
806 1520 852 1587 Ol.
869 1521 996 1604 provitu
1018 1541 1150 1586 annoro.
1167 1519 1263 1585 XVII
1278 1525 1310 1584 et
1324 1517 1476 1583 militavit

178 1627 311 1692 munifix
333 1628 427 1692 annis
451 1628 513 1692 Vll
536 1628 627 1711 eiqus
651 1629 745 1692 annis
769 1628 835 1694 IIII
858 1629 1009 1694 militavit
1030 1628 1063 1694 in
1086 1633 1174 1694 corte
1198 1635 1283 1694 statu
1298 1628 1476 1714 posteriore

177 1758 217 1803 ex
241 1738 340 1820 pluris
363 1736 477 1801 maicis
499 1736 625 1804 derisus
648 1737 751 1822 ipsius
775 1738 903 1821 inipso
926 1738 1019 1804 titulo
1041 1737 1128 1803 XCI.

283 1871 410 1942 ‘propter
433 1889 595 1926 sermonem
613 1871 786 1926 inconditum
812 1875 840 1926 et
863 1871 931 1926 alias
958 1889 1054 1926 causas
1082 1875 1148 1925 ante
1176 1875 1308 1941 quartum
1335 1871 1476 1926 saeculum

248 1963 347 2016 titulus
365 1961 485 2031 scriptus
504 1978 563 2015 esse
582 1951 697 2030 nequit’
734 1960 786 2015 Th.
805 1960 841 2014 M.
861 1961 921 2030 (En
941 1961 979 2014 IV
998 1979 1025 2030 p.
1045 1961 1119 2030 234).
1156 1960 1205 2015 sed
1224 1960 1258 2014 cf.
1277 1979 1304 2030 p.
1325 1963 1368 2014 33.

278 2135 333 2217 36)
359 2135 480 2218 Hygini
509 2137 563 2218 qui
590 2134 707 2202 dieitur
729 2136 909 2219 fragmento
942 2156 1004 2201 non
1032 2125 1321 2201 commemorantur
1351 2133 1476 2215 equites
1516 2161 1586 2198 eaeo.
1605 2144 1647 2196 111

179 2245 325 2328 legionis.
1524 2220 1644 2270 &³⁰¹²oe

287 2379 358 2432 Mus.
378 2380 431 2435 Rh.
450 2380 565 2435 XXXIV
583 2399 609 2449 p.
629 2382 681 2433 237
692 2397 751 2448 sqq.

278 2578 333 2657 37)
357 2577 397 2642 dc
420 2578 556 2660 Vegetio
579 2578 629 2656 (ΙΙ,
652 2579 686 2655 6)
710 2597 739 2640 ν.
763 2576 857 2640 infra.

1477 3157 1618 3234 temporis
1637 3157 1677 3215 in·

1531 3230 1619 3288 certi:

280 3346 384 3413 Pana.
406 3348 463 3430 inf,
493 3347 646 3438 Waitaen,
677 3351 733 3406 duo
747 3353 795 3422 qui
809 3357 939 3407 secuntur
955 3353 1032 3407 tituli
1051 3371 1107 3408 non
1126 3352 1356 3444 ontet'l’raianum
1369 3353 1478 3407 exarati

182 3462 249 3552 sunt
265 3458 312 3526 (ci.
331 3457 455 3511 Piitzner
472 3475 499 3526 p.
518 3457 584 3525 225;
603 3474 628 3524 p.
650 3458 716 3524 2193
735 3475 760 3509 v.
781 3461 875 3510 tamen
894 3456 953 3509 CIL
972 3457 1012 3510 111
1031 3475 1057 3525 p.
1077 3457 1151 3526 482).

280 3603 342 3668 HI
372 3604 475 3670 3420.

183 3715 293 3800 Epoue
314 3654 395 3798 Aug,
417 3712 615 3798 Apuleiiu(s)
638 3714 806 3779 Ianuarius
830 3734 879 3794 eq.
901 3716 963 3797 leg.
987 3714 1019 3778 ll
1041 3714 1092 3780 ad.
1115 3734 1145 3798 p.
1169 3716 1191 3779 f.
1213 3735 1243 3779 v.
1266 3735 1290 3780 s.
1314 3716 1334 3779 l.
1357 3736 1398 3779 m.

282 3873 351 3952 ΙΙΙ,
376 3874 472 3940 4271.

183 3986 260 4051 Aur.
275 3982 444 4049 Candidae
465 3980 503 4060 Q.
526 4003 608 4067 quac
630 3983 713 4048 vixit
737 4003 838 4050 annos
854 3983 948 4049 XXV
966 3985 1039 4069 Sep.
1056 3985 1187 4050 Priscus
1203 4004 1301 4067 eques
1323 3984 1412 4065 legi
1428 3983 1479 4048 nd.

182 4096 310 4177 coniugi
332 4094 498 4159 carissime
522 4094 544 4158 f.
566 4115 594 4160 o.

282 4252 350 4336 ΠΙ,
372 4253 482 4319 1590⁰.
509 4251 623 4317 Dacia.
643 4251 774 4318 Redkae.
796 4276 852 4312 non
872 4263 937 4312 ante
949 4258 1111 4328 Traianum,
1129 4275 1186 4312 non
1205 4262 1268 4328 post
1289 4258 1480 4312 Aurelianum.

183 4361 336 4428 Placidae
358 4363 490 4445 regmae
516 4381 566 4444 eq.
587 4382 616 4428 v.
642 4363 661 4426 l.
685 4383 716 4447 p.
740 4383 798 4446 per
820 4363 957 4428 Proculo
979 4383 1066 4448 pmo.
1090 4370 1122 4429 et
1143 4363 1254 4444 (Glaio
1277 4371 1342 4448 opt.

289 4493 369 4549 'Cum
388 4495 436 4564 qui
455 4494 570 4548 titulum
590 4494 756 4548 dedicarunt
780 4493 925 4564 ‘princeps'
948 4497 1096 4565 (praetorii
1116 4497 1231 4564 seilicet,
1250 4497 1316 4551 vide
1335 4497 1397 4550 adn.
1417 4496 1483 4566 880)

255 4591 284 4638 et
301 4580 394 4653 ‘optio’
415 4583 493 4650 (item
512 4583 657 4651 praetorii,
682 4582 718 4636 ci.
737 4584 850 4637 Henzen
868 4602 895 4638 n.
915 4585 997 4654 6940)
1017 4586 1181 4640 auxiliariae
1205 4585 1326 4640 militiae
1344 4603 1401 4640 non
1419 4603 1483 4640 oon·

255 4675 379 4741 veniant,
401 4672 449 4726 sed
470 4671 617 4740 legionarii
636 4671 720 4724 inisse
738 4673 858 4740 putandi
882 4675 948 4742 sint,
973 4675 1080 4742 equites
1099 4675 1232 4744 intellege
1255 4679 1282 4730 et
1302 4675 1377 4744 ipsos
1396 4674 1480 4742 legio·

255 4757 365 4815 uarios!
405 4759 457 4814 Th.
476 4759 514 4813 M.
