3576 5536
704 439 908 510 ..χχ-

174 625 238 692 dici
260 624 300 691 de
323 623 494 691 donatione
523 623 610 709 plebi
636 623 723 691 facta
741 622 805 708 ·(de
834 645 898 708 qua
919 646 953 692 re
981 627 1021 692 cf.
1051 646 1134 710 quae
1163 627 1343 715 disputavit
1365 627 1475 713 Bergk

173 735 207 799 iu
230 741 397 800 comment.
418 754 502 800 mou.
525 735 643 819 Ancyr.
669 755 724 820 pp.
746 736 797 800 52.
820 735 883 818 53),
910 729 1116 802 ‘donativum’
1139 759 1216 804 vero
1239 738 1279 804 de
1300 739 1394 804 donis
1417 739 1474 804 im·

174 851 356 929 peratornm
379 843 536 910 militibus
559 844 645 910 datis
662 843 753 910 vides
774 864 814 910 ex
837 845 929 911 titulo
951 845 1013 912 hoc
1034 867 1098 912 nou
1121 855 1207 914 recte
1231 848 1328 914 credi.
1350 849 1389 914 ef.
1407 847 1472 913 Cic.

174 953 216 1021 ad
238 954 302 1020 Att.
325 953 412 1034 XVI,
436 954 464 1033 8,
480 955 516 1021 2.
625 1036 627 1039 Υ

123 1068 151 1130 3.
214 1053 373 1130 ‘viatoria’
396 1063 452 1143 (sc.
468 1064 618 1147 pecunia)
634 1063 712 1130 mihi
735 1065 816 1132 alibi
832 1085 896 1131 non
918 1064 1067 1132 occurrit.
1092 1065 1215 1150 ellipsis
1238 1073 1343 1133 tamen
1365 1066 1474 1152 prodit

174 1174 321 1240 voculam
349 1181 416 1240 tum
444 1172 546 1239 fuisse
574 1171 662 1239 haud
696 1193 814 1239 raram.
869 1173 1007 1239 fortasse
1041 1172 1201 1239 militibus
1235 1174 1382 1253 dabatur,
1416 1175 1474 1258 qui

175 1285 372 1370 provinciam
393 1282 577 1349 mutabant·
1043 1279 1047 1288 ⁴

57 1393 156 1475 tsqq.
221 1413 304 1477 quae
319 1392 362 1459 ad
384 1391 508 1475 equites
526 1391 668 1458 cohortis
685 1393 729 1458 VI
747 1391 1036 1476 Commagenorum
1051 1392 1227 1476 imperator
1242 1391 1334 1475 dixit,
1362 1413 1474 1475 quam·

174 1523 270 1588 quam
300 1504 426 1585 integra
453 1503 625 1568 maximam
653 1508 776 1584 partem
809 1483 930 1567 tradita
963 1507 1046 1579 sunt,
1080 1508 1187 1566 tamen
1221 1499 1369 1567 dilucida
1401 1507 1474 1567 sunt

174 1614 345 1678 intellectu.
389 1617 474 1678 certe
498 1609 603 1678 adhue
623 1631 717 1676 nemo
747 1611 918 1694 temptavit
943 1610 1116 1694 explicare.
1164 1610 1338 1695 prudenter
1365 1616 1474 1695 agunt,
1537 1671 1539 1678 ,

174 1724 231 1806 qui
252 1719 406 1788 vertendo
429 1721 556 1786 titulum
579 1721 612 1785 iu
635 1722 841 1786 vernaculam
866 1721 1012 1805 linguam
1035 1721 1185 1786 omittunt
1203 1720 1291 1786 locos
1322 1718 1474 1786 difficiles

173 1839 209 1898 ut
230 1831 266 1898 H.
287 1829 510 1915 Eyssenhardt
534 1829 567 1892 in
588 1821 752 1895 ‘Virchow
772 1828 838 1894 und
860 1827 1086 1895 Holtaeudorff
1116 1831 1263 1913 sammlg.
1286 1829 1475 1896 wissensch.

173 1931 365 2024 vortraege',
393 1940 484 2022 1882,
511 1938 580 2004 heft
607 1938 669 2002 397
700 1937 745 2022 (p.
769 1938 830 2020 13),
857 1939 947 2004 cuius
971 1938 1080 2005 versio
1103 1945 1206 2006 scatet
1232 1941 1376 2024 peccatis
1403 1959 1475 2024 pro·

174 2049 325 2116 dentibus
361 2047 579 2114 incredibilem
618 2047 844 2130 ignorantiam.
889 2054 921 2113 et
951 2068 1030 2114 sanc
1062 2049 1163 2114 multa
1190 2030 1393 2133 intellegere
1412 2068 1476 2114 non

174 2178 352 2242 possemus,
374 2157 438 2223 nisi
454 2157 580 2223 Arriani
594 2153 687 2244 τέχνῃ
701 2155 831 2244 zoaram}
847 2192 884 2211 .—
902 2157 1075 2223 Arriauum
1089 2163 1254 2225 auctorem
1269 2158 1306 2224 R.
1330 2159 1479 2224 Foerstor
1585 2180 1588 2184 ·

175 2267 296 2350 (Herm.
321 2267 386 2332 XII
413 2287 444 2351 p.
468 2267 529 2330 426
551 2266 635 2349 sqq.)
664 2272 775 2332 contra
801 2264 948 2350 Koechly
976 2266 1031 2346 (of.
1055 2267 1175 2351 griech.
1204 2266 1475 2352 kriegssohrittst.

166 2377 216 2456 ·Il,
247 2379 263 2441 1
292 2397 322 2461 p.
350 2377 403 2458 86)
432 2382 538 2442 tuetur
566 2411 606 2422 —
633 2377 835 2458 aliquantum
864 2373 1102 2442 adiuvaremur.
1151 2377 1363 2462 comperimus
1392 2376 1477 2443 enim

175 2485 375 2551 Hadrianum
404 2505 467 2550 non
498 2485 600 2549 solum
627 2483 678 2565 iis,
711 2503 795 2566 quae
824 2482 947 2549 usitata
972 2485 1149 2567 antiquitus
1179 2486 1332 2552 Romanis
1359 2493 1477 2559 essent,
1546 2477 1549 2488 ⁴

175 2595 293 2660 milites
316 2614 391 2659 suos
412 2593 597 2659 exercuisse
623 2593 680 2658 sed
704 2612 788 2659 nova
804 2599 973 2676 praeterea
988 2593 1154 2660 invenisse
1173 2616 1279 2680 neque
1296 2616 1335 2662 ea
1359 2595 1478 2661 bellum

175 2705 314 2770 maxime
343 2699 524 2788 spectantia
560 2737 594 2748 -
630 2703 715 2768 male
748 2701 886 2786 scriptor
913 2703 1157 2787 epigrammatis
1187 2705 1298 2788 (Anth.
1324 2706 1393 2772 Pal.
1424 2706 1472 2770 IX

175 2816 246 2896 230,
275 2813 314 2879 cl.
343 2813 452 2878 Herm.
480 2812 545 2877 XII
572 2801 603 2896 p.
628 2813 703 2890 450)
729 2811 769 2876 Η.
796 2811 879 2877 libro
905 2813 1031 2896 tactico,
1064 2815 1153 2879 cuius
1181 2813 1269 2880 idem
1294 2815 1333 2880 H.
1362 2819 1473 2880 auctor

174 2923 362 3006 fingebatur,
382 2943 475 2989 usum
498 2941 569 2988 esse
592 2921 738 2988 inbellis
761 2921 856 2987 dicit:

366 3024 487 3114 τέρπεό
511 3055 568 3113 μοι
591 3032 756 3114 κρατερῶν
777 3025 932 3114 καμάτων
957 3025 1117 3114 ἐγκύμονα
1135 3029 1259 3118 βίβλον,

367 3133 406 3226 ἣν
428 3133 536 3223 πάρος
556 3131 729 3224 Ἀδριανὸς
749 3129 912 3224 μένκλναξ
933 3135 1005 3222 ἔχεν
1028 3136 1063 3206 ἐν
1085 3138 1270 3222 πολέμοισι.

176 3273 251 3318 uam
265 3250 466 3317 Hadrianum
490 3252 595 3335 Ipsum
617 3251 704 3317 bella
726 3271 789 3316 non
806 3251 947 3334 gessisse
969 3255 1094 3316 constat
1109 3249 1253 3335 (Eutrop.
1268 3251 1356 3334 VIII,
1379 3253 1412 3334 3)
1428 3288 1478 3336 -,

177 3360 233 3427 sed
253 3380 335 3445 quae
357 3359 572 3426 delectatione
596 3365 794 3444 spectatores
817 3366 915 3442 atque
935 3358 1149 3425 admiratione
1171 3358 1360 3436 adficerent:
1385 3363 1476 3442 βασι-

176 3464 251 3547 λεῦς
284 3467 320 3533 δὲ
348 3459 548 3551 (Ἀδριανὸς)
582 3469 803 3552 προςεξεῦριν
836 3505 876 3515 -
905 3467 959 3532 καὶ
986 3462 1033 3532 ἑνὶ
1066 3460 1152 3554 λόγῳ
1183 3458 1243 3531 οὐκ
1277 3462 1367 3534 ἔστιν
1399 3463 1420 3534 ὅ
1447 3491 1479 3534 τι

173 3573 352 3662 Ῥωμαίοις
371 3579 437 3642 τῶν
463 3601 498 3642 τε
525 3576 675 3642 παλαιῶν
701 3570 978 3662 ἐπιτηδευμάτων,
1013 3569 1033 3640 ὅ
1065 3599 1097 3640 τι
1129 3599 1194 3660 περ
1224 3575 1477 3661 ἐκλελειμμένον,

177 3679 236 3753 οὐκ
258 3685 294 3768 ἐξ
313 3681 463 3776 ὑπαρχῆς
486 3684 687 3770 ἐπασκεῖται,
715 3685 769 3750 καὶ
792 3680 854 3750 ὅσα
874 3676 935 3774 ἤδη
963 3678 1221 3771 προςεξεὺρηται
1248 3683 1283 3751 ἐκ
1308 3686 1477 3769 βασιλέως,

176 3791 218 3862 τὰ
238 3795 298 3882 μὲν
320 3795 353 3874 ἐς
375 3790 501 3876 κάλλος,
524 3791 565 3860 τὰ
582 3795 618 3861 δὲ
640 3794 673 3874 ἐς
688 3785 840 3880 ὀξύτητα,
862 3791 902 3859 τοὶ
917 3792 953 3860 δὲ
968 3793 1001 3872 ἐς
1023 3791 1187 3880 ἔκπληξιν,
1207 3790 1248 3859 τὰ
1261 3795 1302 3860 δὲ
1321 3791 1356 3874 ἐς
1369 3795 1480 3880 χρείαν

175 3901 234 3995 τὴν
257 3903 315 3972 ἐπὶ
343 3908 390 3993 τῷ
418 3901 502 3992 ἔργῳ
525 3906 607 3984 (Arr.
630 3926 659 3971 a.
682 3911 756 3971 taot.
781 3925 807 3971 o.
830 3903 896 3987 44).
940 3924 979 3971 ea
1005 3911 1114 3970 autem
1140 3905 1259 3990 partim
1285 3903 1480 3972 necessitate

177 4016 325 4100 quadam,
348 4025 384 4083 at
398 4016 515 4081 milites
531 4015 685 4081 contiuua
703 4033 784 4099 pace
806 4013 929 4080 otiosos
954 4009 1180 4098 indisciplina
1201 4013 1336 4080 militari
1357 4021 1480 4081 teneret

177 4126 232 4206 (cf.
248 4125 353 4209 Spart.
376 4145 403 4190 ο.
422 4125 483 4206 10),
507 4124 625 4210 partim
646 4123 734 4206 quod
755 4123 819 4207 ipsi
842 4123 1043 4207 voluptatem
1065 4121 1273 4206 praebebant,
1297 4123 1480 4190 Hadrianus

176 4233 305 4300 videtur
327 4233 516 4299 instituisse.
551 4239 648 4316 atque
671 4234 800 4318 proprie
823 4233 945 4299 alarum
976 4231 1128 4298 videntur
1149 4251 1207 4298 eae
1233 4231 1481 4299 exercitationes

177 4343 295 4419 fuisse;
326 4341 383 4408 sed
405 4349 525 4408 utnon
548 4342 698 4408 exclusos
725 4342 825 4408 fuisse
848 4343 973 4424 equites
1000 4339 1180 4406 cohortales
1208 4340 1268 4407 hoc
1296 4341 1479 4425 fragmento

179 4453 415 4536 cognoscimus,
438 4452 484 4517 ita
499 4469 636 4516 excursu
651 4452 695 4536 (p.
711 4451 750 4515 41
768 4471 798 4516 n.
815 4451 847 4530 5)
870 4449 1055 4517 docebimus
1077 4451 1175 4516 etIam
1199 4451 1323 4533 equites
1344 4450 1481 4534 legionIs

178 4562 362 4628 interfuisse
385 4557 562 4626 credendos
586 4579 667 4626 esse.

126 4667 157 4732 5.
220 4665 368 4738 ‘difficile
395 4677 444 4736 est
466 4669 646 4736 cohortales
670 4671 794 4752 equites
811 4721 817 4736 .
834 4721 841 4735 .
857 4717 864 4733 .
880 4669 1009 4753 placere
1025 4720 1032 4734 .
1049 4718 1056 4734 .
1073 4667 1089 4733 .’
1113 4669 1218 4734 alares
1241 4666 1327 4733 enim
1351 4668 1478 4750 equites

179 4787 213 4846 ut
246 4800 378 4846 numero
411 4779 620 4864 praestabant
653 4777 881 4858 cohortalibus,
915 4777 971 4860 qui
1004 4777 1038 4842 in
1070 4775 1257 4843 cohortibus
1291 4772 1478 4858 (equitatis)

1329 4913 1346 4963 2
