3576 5536
737 400 941 464 ..39-

192 603 321 666 quoque
344 585 412 649 veri
435 584 540 650 simile
562 604 634 650 esse
656 583 845 668 negabimus
867 586 969 653 fuisse
992 593 1128 672 tempus,
1162 609 1226 672 quo
1254 591 1380 672 equites
1408 591 1489 674 legi-

191 695 263 761 onis
289 692 320 756 in
344 693 441 758 aliam
465 700 563 776 atque
576 700 671 760 antea
686 694 921 760 ordinationem
938 695 1169 780 redigerentur.
1201 697 1386 764 Hadrianus
1402 697 1488 762 euim

189 803 267 878 lieet
288 803 355 868 alia
377 805 534 886 permulta
563 809 595 869 et
624 805 655 868 iu
686 824 720 868 re
751 805 882 886 publiea
904 805 1164 873 admisistranda
1186 813 1218 873 et
1240 807 1273 872 in
1296 827 1330 873 re
1354 805 1489 872 militari

191 912 367 995 novaverit,
396 919 504 978 tamen
537 914 679 994 equitum
712 913 851 996 legionis
885 914 1118 982 ordinationem
1154 915 1328 982 mutavisse
1351 935 1488 998 eamque

190 1022 237 1087 ita
258 1021 445 1098 instituisso,
482 1027 517 1088 ot
549 1022 674 1104 equites
708 1023 769 1106 leg.
803 1024 941 1106 singulis
964 1025 1119 1091 eenturiis
1143 1025 1300 1092 insereret
1324 1024 1489 1104 (Foerster

189 1153 220 1216 p.
246 1132 308 1212 10),
330 1130 413 1197 falso
436 1131 516 1196 milri
537 1130 667 1213 quidem
691 1131 819 1198 videtur
841 1132 940 1198 eredi.
972 1154 1091 1200 eausae
1114 1154 1190 1200 vero
1205 1135 1393 1200 mutationis
1407 1135 1488 1200 alla·

189 1247 241 1306 tae
264 1248 353 1306 sunt:
377 1240 463 1323 quod
485 1260 636 1307 numerus
661 1240 858 1307 ueoxxvl
881 1241 962 1308 bene
979 1243 1150 1310 conveniat
1165 1244 1224 1308 LX
1240 1243 1394 1310 centuriis
1406 1243 1487 1326 logi-

190 1351 276 1427 onis;
311 1349 428 1416 deinde
462 1349 548 1432 quod
581 1349 857 1432 praetorianorum
888 1351 1031 1433 equitum
1050 1351 1217 1418 ordinatio
1237 1352 1335 1420 luerit
1358 1352 1487 1436 eadem;

190 1459 327 1541 denique
360 1458 445 1541 quod
468 1458 613 1524 adfines
637 1451 716 1541 paee
739 1458 967 1526 eustodiendos
991 1469 1023 1526 et
1045 1461 1269 1528 defendendos
1293 1463 1326 1526 in
1349 1461 1487 1546 singulis

189 1569 384 1636 stationibus
406 1569 549 1651 equiturn
577 1589 647 1635 oum
680 1568 844 1652 peditibus
867 1571 1050 1638 eoniuuetio
1072 1573 1257 1638 neeessarIa
1279 1571 1384 1638 luerit.
1430 1569 1488 1636 sed

189 1699 246 1745 our
267 1677 469 1762 potissimum
492 1677 636 1761 equitum
659 1679 797 1763 legionis
821 1679 874 1762 (ol.
898 1701 928 1764 p.
952 1681 1029 1762 35)?
1051 1681 1127 1747 dein
1147 1702 1253 1748 nonne
1268 1683 1320 1748 vel
1334 1703 1382 1766 eo,
1400 1681 1488 1766 quod

155 1859 162 1869 x
188 1787 276 1872 apud
298 1787 462 1872 Hyginum
495 1771 549 1871 qui
581 1786 699 1854 dieitur
730 1790 928 1873 praetoriani
960 1791 1109 1876 leguntur
1140 1793 1275 1874 equites,
1307 1791 1389 1858 nulli
1410 1811 1487 1858 voro

188 1898 315 1980 equites
338 1896 487 1979 legionis,
510 1897 650 1964 el'lioitur
672 1919 736 1964 non
758 1899 860 1966 luisse
884 1920 1011 1986 semper
1030 1899 1166 1967 eundem
1184 1907 1303 1968 statum
1318 1901 1487 1984 utrisque?

189 2007 230 2074 de
252 2027 384 2074 numero
410 2026 486 2072 vero
509 2006 707 2074 Dooxxvr
728 2029 827 2092 supra
849 2011 928 2076 satis
952 2011 1101 2078 disserui.
1142 2017 1174 2078 et
1194 2013 1222 2076 si
1244 2012 1357 2077 luisset
1379 2011 1408 2076 is
1430 2031 1487 2076 uu·

190 2137 306 2198 merus,
329 2137 406 2183 oasu
429 2117 474 2200 fit,
497 2117 688 2184 uiduarum
711 2125 887 2185 turmarum
910 2141 1060 2188 numerus
1086 2120 1140 2205 (ef.
1164 2142 1194 2205 p.
1211 2118 1267 2204 40)
1290 2119 1395 2186 dividi
1412 2139 1487 2204 pos·

188 2229 231 2296 sit
253 2227 336 2292 inter
358 2247 416 2294 sex
439 2228 617 2308 oeuturias3
642 2248 725 2310 quae
745 2227 874 2312 quidem
897 2230 1058 2296 fuerintne
1081 2230 1323 2298 dooieussenae
1342 2237 1487 2314 tempore

188 2335 357 2412 Hadriani,
393 2337 427 2400 iu
461 2334 593 2403 dubium
616 2358 718 2421 nuper
740 2360 761 2405 a
782 2338 979 2406 Mommseno
1001 2347 1150 2407 voeatum
1174 2346 1231 2418 est,
1266 2341 1321 2423 qui
1339 2339 1486 2424 legiones

190 2445 267 2511 inde
299 2447 341 2511 ab
378 2445 466 2511 illius
499 2451 607 2512 aetate
640 2447 746 2513 LXIV
769 2449 929 2515 centurias
952 2456 984 2515 et
1007 2447 1084 2514 LIX
1106 2449 1310 2516 eeuturiones
1333 2449 1485 2516 habuisse

188 2556 326 2640 probare
349 2554 508 2622 studuerit
529 2557 596 2634 (uu
619 2557 663 2622 IV
686 2578 717 2641 p.
741 2559 824 2640 228).
855 2558 992 2642 denique
1015 2580 1112 2643 quom
1134 2559 1293 2644 fingamus
1316 2559 1486 2626 utilitatem

188 2668 331 2748 equitum
360 2666 394 2730 iu
427 2665 589 2732 centurias
618 2666 760 2750 peditum
790 2664 988 2736 divisornr'ni
1024 2669 1217 2736 incastris?
1250 2675 1285 2736 at
1306 2669 1432 2752 equites
1455 2675 1487 2734 et

186 2774 312 2858 pedites
347 2775 522 2841 tendebant
554 2777 739 2859 separatim.
776 2779 810 2844 in
844 2779 983 2846 itinere?
1024 2800 1198 2864 numquam
1227 2780 1398 2863 quisquam
1420 2777 1487 2844 dux

187 2885 310 2966 equites
333 2885 457 2968 passim
479 2882 643 2968 peditibus
665 2887 801 2954 insertos
824 2888 985 2972 profioisoi
1009 2897 1065 2956 aut
1087 2888 1183 2955 iussit
1204 2893 1260 2954 aut
1285 2887 1416 2953 iubebit.
1450 2888 1485 2952 in

186 2993 284 3060 aoie?
305 2999 339 3059 at
360 2994 599 3060 instruebantur
614 2994 739 3078 equites
761 2997 794 3060 in
810 2997 969 3062 eoruibns.
998 2998 1030 3062 iu
1046 2998 1230 3065 nominibus
1247 2995 1485 3065 inscribendisi

186 3102 245 3170 sed
267 3110 359 3170 eraut
380 3103 570 3171 matriculae
593 3105 770 3171 oohortium
781 3108 802 3186 ¹)
825 3127 888 3173 nou
903 3107 1128 3175 oenturiarum.
1166 3108 1225 3174 sed
1244 3107 1330 3176 enim
1347 3107 1485 3172 fortasse

187 3213 342 3296 Vegetius
376 3213 448 3296 ipse
476 3231 547 3278 eam
580 3212 775 3280 divisionem
808 3215 969 3299 intellegit
994 3215 1106 3283 dieeus
1129 3215 1202 3299 (III,
1225 3219 1258 3298 8)
1282 3216 1324 3284 de
1345 3217 1484 3299 singulis

186 3321 340 3388 centuriis
364 3327 537 3402 quaternos
560 3323 685 3405 equites
709 3331 740 3389 et
761 3330 935 3406 quaternos
959 3323 1087 3408 pedites
1105 3325 1289 3392 exoubitum
1304 3327 1421 3401 faeere,
1438 3325 1485 3392 ita

186 3437 221 3498 ut
242 3431 343 3497 ternis
366 3430 454 3496 horis
476 3431 654 3498 interiectis
677 3432 735 3498 alii
759 3433 948 3510 suooedant3
977 3432 1011 3500 id
1034 3433 1120 3517 quod
1143 3440 1255 3518 quater
1277 3444 1370 3503 noete
1393 3457 1484 3522 repe-

186 3540 272 3607 titur.
306 3561 377 3606 oum
400 3540 554 3624 Vegetius
578 3541 619 3606 de
641 3543 794 3608 eenturiis
818 3543 976 3626 loquatur,
999 3545 1124 3626 equites
1138 3544 1219 3610 nulli
1234 3544 1298 3610 nisi
1309 3546 1483 3630 legionarii

186 3651 377 3734 (auxiliares
406 3651 492 3714 enim
521 3651 553 3714 iu
583 3659 703 3717 turmas
733 3651 830 3717 divisi
854 3651 959 3735 erant)
985 3654 1129 3737 intellegi
1153 3660 1296 3738 possunt.
1341 3675 1418 3739 ergo
1442 3655 1483 3722 do

185 3760 323 3843 singulis
346 3757 529 3841 legionibus
554 3779 747 3842 unaquaque
770 3765 862 3826 noete
884 3763 1055 3844 sexagiens
1078 3769 1252 3845 quaternos
1267 3762 1411 3846 (CCXL)
1434 3764 1481 3831 id·

185 3891 247 3956 que
281 3875 394 3953 quater
420 3869 440 3933 i.
462 3889 488 3934 e.
511 3868 714 3936 Doooeux
748 3869 872 3952 equites
906 3873 1044 3954 legionis
1072 3873 1232 3940 excubare
1262 3873 1347 3940 faeit.
1391 3877 1482 3957 atqui

54 3947 56 3954 ,
168 3979 271 4072 ‘legio
305 3977 479 4043 seeundum
511 3976 647 4044 eundem
670 3979 840 4062 Vegetium
870 3979 1038 4046 dumtaxat
1059 3980 1258 4048 Deoxxvl
1281 3983 1405 4065 equites
1428 3983 1482 4051 ha-

185 4088 263 4155 buit.
291 4107 424 4154 neeesse
446 4087 545 4171 igitur
567 4095 637 4154 erat
659 4089 780 4173 singuli
803 4091 927 4173 equites
945 4089 1083 4174 singulis
1099 4091 1370 4184 noctibusternas
1386 4091 1482 4159 boras

184 4398 235 4462 est,
263 4411 298 4448 ne
318 4394 367 4448 uni
394 4394 499 4464 legioni
530 4395 717 4450 attribuamus
742 4396 824 4450 elteri
848 4383 1051 4461 abiudiebmns;
1081 4397 1166 4451 immo
1190 4413 1247 4450 uon
1270 4399 1380 4450 tantum
1399 4395 1429 4450 in
1448 4396 1482 4450 iis

183 4482 340 4550 legionibus
359 4483 444 4538 fuisse
463 4483 570 4552 equites
584 4484 710 4554 legionis,
730 4501 802 4552 quae
820 4484 885 4538 indo
901 4485 935 4538 ab
954 4485 1076 4555 Augusti
1096 4489 1187 4540 aetate
1206 4489 1296 4552 erant,
1321 4484 1423 4540 doeent
1441 4485 1482 4540 in·

184 4571 358 4640 scriptiones,
380 4590 477 4626 verum
496 4573 650 4640 eusebiam,
670 4591 738 4642 quas
755 4573 863 4627 duobus
877 4574 993 4628 saeculis
1006 4578 1071 4643 post
1083 4573 1234 4644 Septimius
1250 4573 1366 4629 Severus
1381 4573 1482 4628 forma-

182 4659 233 4728 vit,
253 4677 317 4714 suos
338 4659 445 4730 equites
464 4661 594 4716 habuisse
615 4662 715 4716 titulus
735 4661 797 4716 clu
818 4660 863 4732 Vl,
883 4663 952 4716 3409
973 4664 1012 4730 (n.
1030 4663 1079 4731 26)
1098 4667 1227 4718 testatur,

284 4749 311 4816 1)
331 4747 398 4819 Veg.
418 4747 454 4812 11,
473 4751 502 4814 2;
523 4749 582 4804 CIL
604 4749 653 4818 ΙΙΙ,
673 4749 752 4804 elle.
771 4749 847 4820 VIII,
867 4753 945 4806 2576.
