3576 5536
859 413 1061 476 ..22-

310 595 450 676 ignavia,
482 599 514 658 et
540 594 660 660 tribuni
688 597 886 664 circumeunt
911 619 970 663 nec
993 604 1068 664 ante
1101 596 1273 665 discedunt
1295 599 1351 680 qui
1373 598 1493 662 strenui
1522 601 1605 678 sunt,

310 721 407 786 quam
429 701 550 769 fuerint
571 704 723 770 universa
747 703 900 787 perfecta.
944 726 984 770 ne
1012 711 1119 771 tamen
1142 705 1259 788 aliquis
1283 711 1495 789 superventus
1516 705 1605 770 labo-

309 813 456 880 rantibus
484 807 552 892 fiat,
584 834 694 880 omnes
723 815 849 897 equites
877 819 910 880 et
943 835 1018 898 pars
1051 813 1206 898 peditum,
1239 836 1323 898 quae
1357 835 1420 880 non
1453 821 1605 898 operatur

308 923 475 1006 privilegio
497 921 667 1006 dignitatis
691 927 764 988 ante
789 922 909 988 fossam
937 923 970 988 in
993 927 1160 1006 procinctu
1182 931 1306 989 armata
1329 925 1478 990 consistit
1500 929 1531 988 et
1559 925 1605 988 in-

308 1036 459 1115 gruentes
486 1032 615 1115 repellit
647 1021 814 1098 inimicos’
863 1033 902 1098 cf.
927 1033 953 1114 Ι,
976 1034 1031 1098 25;
1064 1027 1175 1099 ‘facile
1204 1040 1253 1100 est
1280 1034 1470 1100 absentibus
1492 1033 1605 1098 adver-

309 1139 406 1206 sariis
428 1147 535 1206 castra
557 1141 691 1219 munire,
715 1161 835 1219 verum,
868 1141 896 1206 si
919 1140 1022 1208 hostis
1046 1143 1218 1220 incumbat,
1248 1150 1324 1209 tunc
1345 1163 1456 1209 omncs
1480 1143 1605 1226 equites

310 1259 342 1315 et
363 1249 472 1316 media
494 1270 570 1334 pars
594 1249 738 1336 peditum
761 1251 804 1317 ad
819 1251 1073 1335 propulsandum
1095 1253 1248 1337 impetum
1264 1253 1454 1318 ordinantur
1476 1254 1510 1317 in
1525 1253 1605 1334 acie,

309 1360 423 1442 reliqui
456 1366 529 1444 post
553 1359 640 1444 ipsos
672 1360 777 1426 ductis
805 1361 902 1428 fossis
932 1361 1078 1427 muniunt
1108 1369 1215 1428 castra
1249 1365 1293 1438 (et
1326 1383 1384 1446 per
1414 1383 1606 1446 praeconem

310 1468 482 1550 indicatur,
505 1488 588 1551 quoe
612 1470 758 1536 centuria
779 1471 891 1554 prima,
916 1491 999 1554 quae
1021 1471 1173 1554 secunda,
1193 1491 1276 1554 quae
1294 1473 1390 1538 tertia
1410 1491 1491 1556 opus
1513 1492 1606 1538 omne

311 1576 538 1662 compleverit).
562 1585 636 1663 post
658 1578 718 1646 hoc
742 1602 762 1645 a
784 1581 1023 1646 centurionibus
1045 1581 1133 1647 fossa
1157 1581 1328 1664 inspicitur
1350 1603 1389 1647 ac
1404 1587 1607 1647 mensuratur

311 1693 342 1752 et
361 1685 547 1754 vindicatur
569 1689 602 1754 in
625 1708 689 1765 eos,
713 1691 770 1773 qui
794 1691 1019 1775 neglegentius
1041 1691 1163 1756 fuerint
1183 1681 1331 1776 operati?

240 1802 287 1864 11.
350 1790 447 1862 ‘intro
469 1787 584 1882 gressi’
606 1797 761 1865 interiora
778 1805 894 1882 castra,
920 1799 1111 1884 papiliones.
1137 1802 1169 1866 in
1190 1803 1302 1866 castris
1319 1801 1415 1883 enim,
1437 1800 1551 1865 saltem
1573 1799 1607 1864 in

312 1908 475 1988 extremis,
494 1909 557 1974 iam
579 1914 676 1974 antea
696 1909 814 1975 fuerint
837 1929 969 1976 necesse
991 1915 1049 1988 cst,
1073 1911 1128 1992 qui
1152 1924 1275 1976 murum
1298 1916 1490 1976 struxerunt.

240 2021 287 2084 11.
352 2010 460 2100 ‘opere
483 2017 619 2101 probato
636 2069 643 2084 .
661 2071 667 2084 .
686 2071 692 2084 .
709 2017 815 2084 cibum
839 2010 990 2104 cepistis?
1024 2020 1140 2095 cibum,
1164 2027 1334 2103 postquam
1357 2025 1463 2086 castra
1483 2017 1608 2084 munita

310 2127 384 2205 sint,
408 2147 525 2210 capere
548 2130 672 2217 cautius
695 2147 766 2194 csse
789 2128 884 2194 docet
905 2129 984 2212 Veg.
1007 2129 1067 2204 Ill,
1090 2130 1123 2194 8:
1146 2122 1321 2195 ‘incautum
1344 2135 1393 2194 est
1415 2129 1608 2212 plenumque

311 2233 508 2302 discriminis
538 2237 712 2303 exereitum
737 2239 859 2320 passim
882 2239 952 2305 sine
984 2240 1094 2321 aliqua
1123 2239 1299 2305 munitione
1331 2236 1507 2316 considere,
1536 2256 1607 2302 eum

311 2344 470 2411 militibus
485 2345 528 2412 ad
550 2347 743 2429 capiendum
759 2347 865 2414 eibum
881 2350 1046 2433 occupatis
1063 2399 1092 2414 ..
1114 2399 1119 2412 .
1135 2349 1232 2414 facile
1256 2353 1424 2414 nectantur
1447 2335 1608 2412 insidiae'

241 2472 289 2534 12,
351 2448 479 2538 ‘magno
502 2447 651 2522 clamore'
666 2475 771 2539 neque
787 2476 859 2522 cum
872 2445 995 2523 ‘secuti'
1019 2477 1124 2540 neque
1140 2478 1209 2522 euru
1230 2445 1464 2522 ‘revertentem'
1480 2454 1608 2520 videtur

314 2565 580 2648 coniungendum,
615 2563 673 2630 sed
703 2563 745 2630 ad
780 2565 913 2632 verbum
940 2585 1089 2648 sequens,
1124 2565 1210 2648 quod
1241 2563 1361 2630 excidit
1391 2559 1607 2650 [excepisttstl

312 2673 518 2741 referendum
540 2693 622 2742 esse.

130 3015 201 3078 Da
414 3001 475 3068 hoe
497 3004 712 3086 fragmentum
735 3004 872 3071 fortasse
895 3002 938 3070 ad
960 3005 1083 3086 equites
1104 3002 1242 3086 legionis
1266 3003 1427 3088 pertinere
1443 3022 1507 3066 non
1527 3001 1610 3067 bene

313 3114 492 3198 suspicatus
515 3119 564 3180 est
586 3113 774 3180 Wilmanns.
803 3133 877 3178 nam
897 3109 1021 3177 ‘manus
1043 3132 1107 3177 non
1129 3102 1312 3195 languidae'
1334 3111 1439 3193 magis
1460 3109 1610 3176 videntur

313 3223 439 3307 pedites
462 3229 609 3308 spectare
633 3243 728 3306 quam
756 3223 894 3304 equites3
923 3219 1041 3286 deinde
1063 3221 1192 3303 signum
1218 3219 1279 3286 rite
1301 3228 1434 3286 vocatur
1456 3218 1610 3303 peditum,

313 3335 454 3416 equitum
475 3352 552 3398 vero
574 3331 729 3398 vexillum
752 3332 794 3410 (v.
818 3350 941 3396 excurs.
967 3351 995 3414 p.
1020 3331 1059 3394 41
1082 3350 1111 3394 n.
1133 3329 1178 3410 4).
1218 3349 1322 3412 neque
1345 3329 1414 3394 veri
1437 3329 1541 3394 simile
1562 3333 1611 3392 est

314 3443 439 3524 equites
463 3441 497 3506 in
520 3441 634 3507 eastris
656 3438 869 3506 defendendis
892 3438 996 3504 —de
1019 3459 1058 3504 ea
1081 3437 1166 3504 enim
1191 3459 1225 3504 re
1247 3439 1327 3504 mihi
1348 3439 1476 3504 videtur
1498 3438 1553 3521 agi
1573 3473 1608 3483 -

313 3552 447 3618 multum
467 3551 620 3631 valuisse;
643 3555 754 3614 contra
773 3549 887 3632 fragm.
917 3549 962 3614 Ba
987 3547 1029 3613 ad
1051 3567 1118 3613 rem
1140 3567 1271 3630 prorsus
1295 3547 1458 3614 diversam
1474 3547 1611 3630 pertinet

314 3659 381 3744 (pp.
405 3661 453 3724 14.
478 3658 541 3740 15).
582 3659 634 3724 Da
656 3659 764 3742 potius
791 3679 862 3724 cum
883 3658 995 3741 fragm.
1020 3657 1067 3722 Bb
1093 3656 1224 3723 videtur
1257 3656 1437 3722 cohaerere.
1483 3676 1611 3724 sensum

315 3769 400 3835 enim
428 3769 536 3852 siqui
563 3774 669 3853 potest
696 3789 737 3834 ex
764 3768 876 3854 plaucis
904 3767 1051 3849 reliquiis
1080 3767 1251 3843 enucleari,
1281 3774 1369 3850 puto.
1387 3768 1611 3851 imperatorem

315 3879 449 3946 laudare
466 3880 593 3962 milites,
617 3877 703 3964 quod
720 3879 870 3944 manibus
893 3898 955 3944 non
972 3876 1137 3961 languidis
1152 3876 1278 3960 aliquid
1294 3877 1485 3962 peregerint.
1507 3896 1611 3958 neque

315 4011 350 4056 se
372 3990 556 4074 vituperare
579 3987 634 4073 ait,
663 3986 749 4070 quod
771 3986 927 4052 auxilium
951 4005 1012 4050 non
1036 3983 1078 4049 ad
1101 3983 1228 4066 signum
1252 3985 1407 4066 miserint,
1437 3983 1612 4066 quodiam

316 4101 417 4167 hostis
440 4101 588 4183 cepisset.
633 4100 753 4164 frustra
775 4097 861 4162 enirn
883 4096 1014 4170 fuisset3
1041 4115 1145 4178 neque
1168 4095 1357 4160 facultatem
1380 4113 1435 4159 eos
1464 4091 1613 4158 mittendi

316 4212 446 4293 saepius
475 4216 507 4276 et
536 4209 707 4275 instantius
737 4207 889 4272 habuisse
912 4210 1043 4289 prepter
1070 4203 1266 4288 paucitatem
1296 4223 1433 4268 suorum.
1479 4221 1553 4266 nam
1579 4199 1612 4266 id

316 4326 390 4386 ante
413 4321 522 4386 omnia
545 4319 630 4386 effici
653 4319 780 4398 debere,
809 4323 843 4380 ut
865 4314 967 4380 hostis
989 4315 1074 4380 ultra
1096 4333 1228 4380 scamna
1251 4312 1450 4379 tribunorum
1474 4317 1506 4377 et
1527 4312 1613 4394 lega-

316 4438 418 4496 torum
440 4450 505 4496 non
527 4408 646 4496 audeat
668 4435 774 4494 castra
796 4424 937 4510 ingredi.

263 4545 290 4608 1.
357 4595 362 4606 .
380 4591 386 4604 .
404 4593 410 4604 .
428 4539 569 4606 .‘cistis.'
594 4537 806 4623 supplendum
826 4537 969 4603 videtur.
983 4587 1010 4601 ..
1027 4534 1056 4618 ‘[
1073 4524 1205 4619 c]oistis'
1227 4534 1365 4600 fortasse
1377 4527 1610 4620 ‘lperfeleistia'

262 4655 291 4718 3.
358 4701 457 4716 .....
472 4639 523 4714 ‘m'
538 4649 666 4715 videtur
676 4649 859 4714 terminatio
871 4647 1046 4713 accusativi
1059 4665 1139 4728 esse,
1158 4644 1198 4710 dc
1209 4664 1272 4727 quo
1284 4642 1423 4727 pendeat
1436 4637 1614 4708 ‘mittendi‘

264 4763 292 4828 4.
354 4756 450 4826 ‘ultra
467 4751 637 4838 sc[cron]a'
653 4759 786 4825 conieci.
812 4763 899 4824 recte
918 4758 1003 4824 euim
1018 4757 1173 4822 Renierus
1190 4753 1402 4839 descripsisse
1424 4751 1503 4816 milri
1526 4750 1612 4817 vide-
