3576 5536
835 374 1039 449 412-

289 562 433 634 mittitur'
457 569 653 652 signidoaret
675 569 847 650 quotannis
870 567 1006 633 eandem
1029 567 1190 633 eohortem
1215 569 1347 634 missam
1366 590 1446 636 esse.
1473 609 1506 616 -
1542 571 1583 637 de

288 679 348 744 hoo
373 680 471 762 legati
493 677 665 744 Numidiae
689 699 766 761 erga
798 679 1021 761 proconsulem
1044 677 1174 744 Africae
1201 678 1307 744 oflioio
1335 679 1478 762 loquitur
1497 681 1582 746 Mar-

289 787 405 870 quardt
426 790 441 853 l
463 809 494 871 p.
517 789 587 852 309.

237 897 265 960 3.
328 893 486 962 ‘omnibus
509 887 614 962 annis'
637 917 693 980 pro
717 899 890 980 quotannis
914 898 965 963 vel
990 896 1127 980 singulis
1153 899 1256 964 annis.
1287 899 1325 964 el.
1350 897 1415 964 Cio.
1439 919 1497 982 pro
1519 899 1581 982 leg.

288 1005 397 1070 Manil.
420 1008 439 1084 ξ
462 1005 511 1068 31.
536 1004 579 1070 id.
595 1005 636 1070 de
657 1006 709 1070 tin.
725 1007 757 1070 ll
780 1007 872 1087 §101
898 1005 1083 1088 (quotannis
1107 1055 1114 1070 .
1138 1056 1144 1071 .
1169 1057 1176 1071 .
1199 1056 1205 1069 .
1229 1006 1375 1073 omnibus
1397 997 1581 1087 mensibus).

289 1114 383 1182 Ovid.
396 1133 436 1181 ex
449 1115 550 1180 Ponto
562 1116 604 1197 11,
619 1117 666 1197 10,
678 1117 728 1181 43.
745 1115 821 1181 Luo.
836 1116 906 1188 VII,
918 1111 987 1180 422.
998 1116 1098 1182 Orelli
1113 1117 1160 1181 tit.
1174 1117 1243 1180 736.
1260 1115 1583 1184 Minuo.Fel.Oet.2l.

237 1225 266 1288 5.
328 1218 507 1309 ‘compares
530 1215 669 1291 tertiaui'
691 1224 901 1308 intellegendi
924 1233 996 1291 sunt
1018 1233 1072 1292 aut
1094 1227 1180 1308 legio
1202 1225 1251 1290 III
1274 1227 1400 1292 Gallina
1420 1233 1476 1292 aut
1497 1225 1582 1308 legio

288 1335 337 1399 ΙΙΙ
360 1333 550 1418 Cyrenaica.
600 1355 673 1400 nam
702 1335 799 1399 tertia
820 1333 935 1400 Italica
956 1355 976 1398 a
997 1333 1105 1400 Maron
1127 1334 1259 1400 Aurelio
1282 1335 1410 1400 demum
1433 1339 1465 1400 et
1487 1332 1583 1400 tertia

288 1443 441 1509 Parthica
461 1463 481 1508 a
503 1443 659 1527 Septimio
682 1443 803 1510 Severo
825 1444 982 1509 formatae
1004 1450 1077 1508 sunt
1099 1444 1175 1525 (Dio
1198 1444 1288 1510 Cass.
1312 1443 1377 1520 LV,
1401 1444 1467 1526 24).

235 1548 263 1610 6·
326 1547 425 1636 ‘quod
448 1555 567 1620 multae
582 1553 668 1636 quod
687 1552 835 1620 diversae
859 1552 1013 1619 stationes
1036 1573 1093 1620 vos
1115 1550 1290 1620 distinent‘.
1322 1573 1356 1620 re
1375 1573 1452 1620 vera
1474 1553 1583 1618 multIs

287 1670 318 1728 et
334 1663 471 1729 diversis
487 1663 679 1729 stationibus
702 1663 820 1729 milites
835 1663 898 1746 leg.
915 1663 963 1728 III
985 1665 1067 1747 Aug.
1084 1663 1241 1730 distentos
1250 1665 1357 1740 ‚fuisse
1371 1683 1401 1727 v.
1413 1662 1489 1728 CIL
1504 1662 1583 1728 VIII

288 1771 387 1855 praef.
410 1793 440 1855 p.
462 1771 575 1837 XXII:
609 1771 764 1838 stationes
789 1771 917 1838 luerunt
943 1771 1077 1845 Thalea,
1101 1771 1267 1856 Bondjom,
1291 1772 1411 1838 Gharia
1434 1771 1583 1838 el-Ghar-

286 1882 350 1958 bia,
375 1879 512 1959 Oidami
536 1881 686 1963 Vazanis‚
709 1879 844 1963 Meua’a,
869 1881 1034 1964 Gemellis,
1059 1881 1163 1948 Oanis.

236 1983 263 2048 7.
326 1983 425 2072 ‘quod
447 1996 558 2056 nostra
580 1990 734 2055 memoria
757 1989 807 2056 bis
832 2011 894 2056 non
919 1997 1042 2056 tantum
1065 1990 1213 2056 mutastis
1237 1997 1344 2056 eastra
1365 1991 1423 2056 sed
1445 1997 1477 2056 et
1500 2011 1583 2057 nova

288 2089 432 2165 ieoistis’.
453 2090 527 2165 ‘bis’
549 2101 590 2166 ob
611 2101 801 2184 positionem
819 2094 1024 2166 et‘mutastis
1040 2097 1154 2167 oastra'
1180 2107 1212 2166 et
1230 2099 1325 2167 ‘nova
1351 2093 1485 2167 feoistis'
1500 2121 1582 2167 oom-

288 2209 438 2293 pleotitur
454 2210 500 2276 ita
516 2217 558 2293 ut,
574 2229 657 2292 quae
669 2216 776 2276 eastra
791 2210 840 2275 bis
860 2216 1064 2276 mutaverunt
1079 2211 1203 2292 militen,
1219 2209 1331 2276 eadem
1342 2231 1427 2277 nova
1441 2212 1583 2290 feeerint,

287 2318 322 2384 id
346 2318 432 2402 quod
455 2319 634 2386 Wilmanns
662 2339 724 2384 non
753 2319 881 2386 videtur
907 2321 1123 2404 perspexisse.
1173 2321 1264 2386 ouius
1293 2321 1334 2387 de
1360 2321 1446 2387 binis
1469 2323 1583 2388 eastris

289 2429 544 2495 Lambaesitanis
558 2449 696 2495 errorem
712 2429 867 2496 refutavit
879 2430 1054 2496 Mommsen
1072 2429 1154 2509 (CIL
1171 2430 1247 2495 VIII
1262 2429 1362 2515 praef.
1377 2429 1459 2496 XXI
1474 2436 1537 2495 not.
1550 2429 1584 2510 4)

289 2538 462 2638 ostendens
491 2539 691 2604 Hadrianum
718 2541 857 2605 locutum
891 2559 962 2605 esse
991 2540 1025 2604 in
1055 2541 1216 2606 veteribus
1243 2541 1369 2619 eastris,
1398 2561 1482 2606 nova
1509 2561 1584 2607 vero

290 2655 363 2733 post
384 2647 583 2714 Hadrianum
607 2648 779 2715 aedilioata
801 2647 915 2714 videri.
954 2648 1030 2714 bina
1062 2649 1147 2715 enim
1172 2650 1345 2716 Lambaesi
1378 2650 1585 2716 inveniuntur

290 2765 410 2834 nastra3
437 2757 501 2824 iam
525 2778 597 2824 oum
628 2759 661 2822 in
688 2759 850 2824 veteribus
871 2760 986 2825 nastris
1014 2759 1126 2825 titulus
1159 2759 1213 2826 hio
1239 2762 1387 2827 inventus
1418 2761 1471 2843 sit,
1504 2761 1583 2826 Wil-

291 2887 404 2933 manns
427 2866 556 2934 efficere
583 2867 685 2932 voluit
712 2867 912 2934 Hadrianum
939 2867 1058 2934 milites
1080 2867 1263 2935 adlocutum
1292 2889 1364 2935 esse
1393 2869 1524 2952 quidem
1552 2871 1584 2934 in

289 2977 383 3044 novis
411 2975 535 3055 eastris,
561 2976 594 3040 in
623 2995 706 3058 quae
733 2995 771 3041 eo
799 2977 871 3058 Ipso
901 2983 1044 3060 tempore
1071 2977 1190 3043 milites
1220 2979 1368 3043 translati
1396 2986 1451 3045 aut
1479 2975 1584 3063 potius

290 3085 506 3154 transferendi
527 3091 649 3160 esseut3
672 3084 730 3150 sed
753 3091 788 3152 ut
801 3092 907 3152 eastra
923 3086 988 3152 iam
1011 3086 1075 3152 iam
1092 3087 1305 3170 relinquenda
1327 3089 1420 3170 quasi
1444 3087 1584 3170 quodam

289 3197 409 3262 honore
438 3195 621 3276 adficerent,
649 3213 697 3278 ea,
725 3215 807 3278 quae
834 3195 1010 3279 imperator
1036 3195 1184 3276 dixisset,
1216 3199 1248 3261 in
1279 3197 1440 3263 veteribus
1469 3197 1584 3262 eastris

288 3307 389 3390 lapidi
415 3307 518 3372 ineisa
540 3325 620 3371 esse.
651 3304 708 3370 sed
731 3306 799 3370 iure
821 3305 922 3370 obicit
944 3306 1120 3372 Mommsen
1144 3307 1368 3388 imperatorem
1391 3327 1455 3371 non
1475 3306 1584 3372 dioere

289 3422 465 3482 mutaturos
485 3433 556 3480 esse
581 3413 700 3479 milites
728 3421 834 3480 eastra
856 3414 913 3480 sed
936 3415 1128 3494 mutavisse3
1159 3434 1263 3497 neque
1293 3416 1361 3480 veri
1385 3415 1491 3480 simile
1512 3435 1584 3481 osse

289 3547 327 3592 eo
348 3527 419 3591 loeo
441 3523 604 3589 adfixuros
632 3523 741 3605 luisse,
763 3525 819 3606 qui
843 3523 907 3590 iam
929 3524 1102 3590 mutandus
1126 3531 1220 3590 esset.
1260 3522 1344 3589 idem
1368 3523 1480 3589 eodem
1502 3525 1583 3606 loeo,

289 3633 374 3716 quod
390 3633 512 3700 diceret
527 3631 711 3698 Hadrianus
731 3631 854 3698 ‘nostra
869 3624 1042 3714 memoria,
1063 3633 1202 3700 oonieoit
1217 3633 1357 3717 priorem
1374 3635 1584 3701 mutationem

289 3745 390 3809 luisse
419 3753 492 3828 post
518 3765 636 3812 annum
667 3745 706 3809 76
737 3765 766 3828 p.
790 3743 823 3808 C.
851 3765 889 3823 n,
925 3764 987 3827 quo
1023 3767 1107 3811 anuo
1138 3745 1337 3811 Hadrianum
1372 3751 1481 3810 natum
1514 3764 1585 3810 esse

289 3858 425 3932 oonstat,
448 3871 468 3915 a
483 3849 690 3918 Thevestinis
714 3853 829 3918 eastris
852 3851 885 3916 iu
901 3859 1008 3917 eastra
1023 3851 1166 3918 secunda
1181 3851 1288 3918 adhue
1304 3855 1424 3937 ignota,
1447 3855 1584 3920 alteram

289 3961 376 4027 eirea
399 3981 517 4026 aunum
541 3963 600 4025 123
623 3961 657 4026 in
681 3967 787 4027 eastra
810 3959 1060 4026 Lambaesitana
1082 3967 1193 4027 vetera
1216 3961 1300 4038 (eius
1323 3963 1407 4027 enim
1432 3963 1584 4046 temporis

288 4071 498 4137 vetustissimi
520 4069 761 4136 Lambaesitani
785 4069 870 4136 tituli
894 4069 990 4153 sunt).
1057 4085 1060 4092 ·

236 4178 265 4241 8.
329 4175 383 4246 ‘ob
407 4179 486 4246 haee
507 4187 676 4246 exeusatos
699 4199 755 4246 vos
771 4176 954 4265 hableadoa
978 4199 1045 4246 com
1067 4176 1158 4266 lepte]
1184 4180 1240 4246 diu
1263 4179 1494 4246 exercitatione
1517 4201 1585 4247 ees·

289 4283 411 4359 sasset'.
436 4291 542 4357 Wilm.
587 4290 643 4357 sed
667 4291 834 4374 eoquando
857 4291 979 4357 dietum
1007 4299 1056 4358 est
1075 4285 1260 4358 ‘excusatus
1291 4311 1360 4356 sum
1386 4289 1584 4356 habendus?

290 4411 322 4469 et
348 4403 421 4486 quis
447 4401 556 4468 credet
577 4403 719 4484 legatum
749 4401 933 4484 imperatori
961 4402 1053 4483 quasi
1088 4399 1339 4484 praescripsisse
1370 4394 1584 4466 ‘excusandos

290 4531 361 4578 esse
389 4502 541 4578 milites’?
564 4517 731 4596 praeterea
745 4509 985 4576 animadvertas
1008 4509 1206 4575 Hadrianum
1223 4530 1286 4574 non
1302 4529 1341 4575 ex
1358 4511 1464 4574 animo
1485 4509 1585 4591 legati

289 4622 387 4704 loqui.
423 4621 533 4703 itaque
555 4626 590 4685 ut
612 4626 707 4685 antea
731 4619 904 4704 imperator
927 4640 989 4684 non
1013 4619 1179 4705 usurpavit
1198 4609 1308 4704 ‘quod'
1330 4638 1401 4684 oum
1424 4618 1515 4697 noui,
1539 4619 1586 4685 sin

291 4731 351 4798 hoo
371 4731 441 4798 loon
462 4727 613 4797 vitandus
636 4737 705 4796 erat
726 4749 830 4796 aeuus.
854 4751 880 4796 o.
902 4729 955 4794 inf.
