3576 5536
856 416 1064 490 2-20..

313 599 444 675 subito?
465 607 519 675 vix
535 606 690 676 credibile
716 617 765 676 cst
786 629 980 693 quemquam
1003 612 1154 694 legatum,
1178 632 1250 678 cum
1266 612 1450 678 Hadrianus
1474 612 1608 680 circum·

258 756 260 760 -
313 719 382 783 iens
416 719 600 803 provincias
641 739 765 785 summa
798 721 969 788 severitate
1003 721 1036 786 in
1075 721 1244 805 praesides
1277 721 1377 788 officii
1407 723 1609 790 immemores

313 828 584 895 animadverteret
617 828 735 913 (Spart.
766 828 821 896 vit.
853 829 952 895 Hadr.
984 850 1011 895 c.
1037 831 1099 913 13),
1133 851 1171 897 eo
1203 834 1400 917 processisse
1434 833 1606 916 segnitiam

312 957 417 1020 neque
440 938 626 1004 Hadrianus
650 936 690 1004 de
712 938 774 1003 hac
802 957 836 1004 re
861 939 1041 1022 quicquam,
1060 938 1150 1005 dicit.
1195 961 1237 1006 an
1260 940 1372 1006 cohors
1395 941 1441 1007 Vl
1464 939 1608 1007 Comma·

312 1069 466 1132 generum
488 1050 579 1116 brevi
595 1056 693 1116 antea
708 1050 742 1116 in
757 1050 902 1116 Africam
917 1049 1007 1116 venit
1022 1050 1204 1116 exercenda
1221 1050 1348 1117 subite?
1370 1057 1404 1116 at
1422 1051 1478 1116 ubi
1493 1051 1606 1133 fuerat,

311 1176 374 1223 non
404 1159 472 1224 sine
501 1159 733 1226 exercitatione
768 1159 839 1226 fuit.
884 1178 948 1224 una
981 1165 1081 1224 restat
1113 1162 1194 1225 ratio
1229 1160 1333 1227 iustae
1367 1160 1606 1244 explicationis,

310 1266 405 1333 modo
429 1257 535 1354 ipsum
566 1267 699 1334 verbum
727 1287 767 1334 ne
794 1267 876 1334 falso
904 1269 1111 1335 restituerim:
1151 1269 1224 1334 illas
1252 1269 1498 1336 exercitationes
1520 1268 1606 1335 baud

310 1377 410 1443 multo
433 1383 508 1444 ante
535 1378 577 1444 ab
601 1377 769 1443 Hadriane
792 1378 956 1444 institutas
985 1397 1056 1444 esse
1078 1377 1249 1462 subitoque
1272 1378 1468 1445 Catullinum
1496 1381 1606 1463 copias

310 1479 479 1552 edocuisse
513 1485 567 1570 (cf.
595 1485 672 1570 Db).
737 1507 877 1570 namque
910 1487 992 1556 illud
1025 1507 1126 1572 genus
1162 1488 1332 1554 exercendi
1365 1489 1406 1554 ab
1440 1488 1606 1554 Hadriano

309 1601 461 1662 novatum
483 1615 554 1663 esse
579 1616 676 1680 supra
698 1595 839 1663 diximus
861 1595 915 1676 (ef.
931 1596 1001 1686 Arr.
1023 1617 1052 1662 a.
1069 1603 1091 1662 t.
1115 1617 1141 1662 c.
1158 1596 1230 1678 44);
1253 1597 1316 1662 ista
1330 1617 1407 1662 vero
1429 1604 1605 1682 praecepta

309 1704 464 1800 militaria
499 1707 575 1789 quin
608 1705 696 1772 edita
729 1705 794 1772 sint
825 1704 983 1771 Hadriani
1016 1705 1178 1771 nobilibus
1214 1705 1280 1772 illis
1319 1707 1604 1774 constitutionibus

309 1814 501 1881 militaribus
524 1814 616 1898 (Veg.
639 1815 664 1894 I,
688 1814 733 1899 8),
762 1814 895 1881 dubium
917 1835 982 1880 nen
1001 1811 1130 1880 videtur
1152 1833 1233 1881 esse.
1272 1813 1335 1880 iam
1360 1835 1431 1881 cum
1454 1817 1603 1900 pobabile

309 1925 352 1990 sit
373 1923 574 1990 Hadrianum
597 1907 723 1990 aestate
746 1925 823 1990 anni
854 1925 912 1989 128
935 1945 965 2009 p.
989 1923 1024 1990 C.
1048 1925 1081 1989 in
1103 1923 1259 1990 Numidia
1281 1932 1441 1990 versatum
1464 1945 1545 2009 esse,
1572 1932 1604 1992 et

311 2032 514 2114 Catullinum,
539 2033 593 2116 qui
616 2054 644 2099 a.
664 2034 723 2098 130
745 2035 945 2100 consulatum
962 2035 1131 2119 acceperit,
1154 2054 1224 2100 oum
1247 2035 1347 2118 legati
1369 2036 1402 2099 in
1425 2041 1489 2101 tres
1503 2056 1603 2101 annos

310 2141 393 2208 mitti
425 2144 575 2232 solerent,
601 2163 659 2228 per
685 2149 750 2209 tres
777 2163 878 2208 annes
914 2143 969 2226 qui
998 2142 1192 2210 antecedunt
1217 2143 1391 2211 Numidiae
1415 2145 1604 2230 praefuisse,

308 2273 373 2318 non
395 2252 514 2318 iniuria
536 2251 773 2338 suspicabimur
796 2252 996 2318 Hadrianum
1018 2254 1147 2319 incunte
1170 2273 1254 2320 anno
1277 2253 1337 2318 127
1360 2253 1602 2320 constitutiones

308 2362 464 2428 militares
488 2361 640 2428 edidisse.
665 2361 832 2428 minimum
854 2361 938 2428 enim
961 2362 1056 2430 unius
1078 2363 1155 2428 anni
1174 2364 1315 2447 spatium
1337 2363 1523 2430 interfuisse
1538 2385 1602 2430 non

308 2471 506 2555 negabimus,
529 2492 592 2556 quo
608 2471 788 2538 Catullinus
812 2470 932 2537 milites
947 2473 1038 2538 nevis
1061 2471 1184 2537 artibus
1208 2472 1366 2538 imbueret
1385 2479 1417 2538 ct
1439 2479 1506 2538 tam
1521 2472 1601 2537 bene

308 2581 500 2646 exercitatos
515 2580 672 2659 redderet,
696 2600 791 2664 quam
807 2581 993 2647 Hadrianus
1016 2581 1135 2647 laudat.
1159 2601 1230 2647 cum
1254 2601 1292 2647 eo
1307 2588 1452 2665 tempere
1468 2583 1510 2662 (a.
1528 2581 1602 2662 127)

307 2689 428 2772 optime
444 2691 602 2762 convenit,
625 2688 712 2772 qued
726 2690 892 2774 probabile
910 2695 960 2756 est
973 2689 1174 2756 Hadrianum
1191 2697 1333 2756 extreme
1357 2710 1386 2756 a.
1404 2691 1464 2755 126
1485 2689 1602 2756 seriem

305 2799 441 2882 primam
464 2819 590 2865 suerum
616 2818 674 2883 per
688 2800 849 2883 Europam
872 2799 1013 2866 mediam
1029 2798 1334 2882 occidentalemque,
1357 2799 1478 2882 Asiam,
1502 2799 1601 2866 Crac-

305 2909 399 2990 ciam,
431 2907 551 2996 insulas
579 2909 729 2974 itinerum
760 2910 924 2992 peregisse
957 2914 989 2974 et
1016 2927 1073 2994 per
1106 2907 1242 2974 hiemem
1272 2929 1301 2974 a.
1327 2909 1442 2988 126r27
1477 2928 1598 2993 perque

306 3023 407 3083 totum
429 3037 548 3084 annum
572 3019 629 3082 127
652 3018 772 3084 Romae
801 3024 963 3085 versatum
991 3037 1062 3085 esse
1085 3018 1204 3099 (Duerr
1224 3039 1254 3103 p.
1278 3018 1340 3098 59).
1384 3017 1444 3083 boc
1473 3018 1507 3082 in
1534 3018 1600 3085 otio

305 3133 354 3192 est
375 3128 444 3192 veri
459 3128 566 3193 simile
582 3127 815 3212 imperatorem,
841 3146 923 3210 quae
946 3128 1130 3212 provincias
1154 3127 1381 3212 perambulans
1404 3127 1600 3194 exercitibus

303 3236 448 3303 visendis
470 3244 567 3320 atque
590 3236 803 3320 inspiciendis
825 3236 944 3321 (Spart.
967 3237 1023 3302 vit.
1048 3257 1074 3302 c.
1100 3237 1152 3317 10)
1180 3243 1332 3320 expertus
1354 3243 1431 3314 erat,
1461 3236 1598 3319 legibus,

304 3345 420 3428 quibus
446 3365 548 3412 nevae
576 3345 769 3430 disciplinae
800 3353 912 3412 auctor
946 3347 1098 3412 evaderet
1128 3345 1183 3428 (cf.
1207 3345 1311 3428 ibid),
1345 3346 1503 3421 sanxisse,
1536 3365 1599 3410 non

303 3455 399 3520 medo
421 3475 504 3538 quae
526 3455 568 3521 ad
594 3454 700 3521 officia
729 3461 825 3538 atque
857 3456 1023 3540 impendia
1054 3457 1251 3540 pertinerent
1277 3453 1330 3536 (cf.
1355 3455 1458 3538 ibid),
1489 3475 1600 3522 verum

303 3564 400 3630 etiam
423 3585 506 3648 quae
530 3563 572 3630 ad
595 3563 846 3631 exercitationes
869 3584 1025 3647 usumque
1048 3585 1218 3631 armorum.

126 3883 190 3946 Bb
401 3887 615 3972 fragmentum
641 3889 702 3956 boc
732 3909 804 3956 cum
837 3889 877 3956 de
900 3889 1083 3956 muniendis
1116 3891 1231 3957 eastris
1262 3891 1380 3974 amplis
1412 3891 1467 3972 (ef.
1498 3884 1597 3974 ‘lengi

302 3987 433 4082 eperis')
455 4005 580 4081 agatur,
606 4019 670 4064 non
697 3999 740 4066 ad
772 3999 935 4066 eohortem
963 4020 1058 4066 unam
1091 3999 1212 4066 duasve
1244 3999 1303 4066 sed
1334 3999 1376 4064 ad
1410 4001 1597 4066 coniunctas

301 4109 416 4174 multas
439 4108 550 4194 copias
572 4109 641 4174 sive
668 4109 843 4176 auxiliares
869 4110 938 4176 sive
961 4109 1137 4176 auxiliares
1161 4117 1193 4176 et
1216 4109 1413 4192 legionarias
1436 4110 1596 4194 pertinere

301 4216 528 4284 iudicabimus.

251 4323 278 4386 1.
341 4319 602 4392 ‘exercitationis'
614 4328 718 4394 minus
731 4335 818 4394 recte
834 4328 997 4413 supplevit
1012 4329 1061 4394 W.
1072 4348 1177 4412 neque
1192 4329 1277 4394 enim
1293 4319 1597 4394 de‘exereitatione’

301 4434 453 4502 hocloco
476 4437 530 4520 agi
553 4435 679 4504 videtur
703 4437 761 4504 sed
783 4437 823 4504 de
843 4431 1036 4504 ‘metatione'
1054 4445 1252 4507 castrorum.
1288 4439 1325 4504 ci.
1348 4439 1409 4504 los.
1431 4439 1488 4519 Ill,
1510 4440 1538 4515 5,
1565 4439 1596 4502 l:

298 4543 337 4610 ud
358 4544 387 4610 d'
411 4536 469 4608 oda
491 4541 615 4610 εἰκαῖον
637 4545 707 4610 οὐδ’
731 4540 903 4630 ἀνώμαλοι
930 4546 988 4631 (sc.
1011 4542 1050 4612 τὸ
1073 4540 1311 4630 στρατόπεδον)
1339 4545 1516 4632 ἐγείρουσιν
1538 4545 1595 4630 (sc.

300 4647 330 4718 ci
352 4647 521 4736 Ῥωμαῖαι)
546 4701 554 4717 .
578 4705 585 4719 .
609 4705 616 4719 .
640 4647 663 4740 ἢ
691 4645 840 4734 ἀτάκτως
865 4650 1083 4740 διαλαβόντες,
1113 4648 1181 4722 ἀλλ’
1210 4653 1238 4721 εἰ
1267 4655 1327 4740 μὲν
1353 4649 1525 4738 ἀνώμαλος
1551 4648 1596 4718 dv

298 4757 387 4843 τύχοι
400 4763 518 4846 χώρας,
531 4761 760 4846 ἐξομαλίζεται,
775 4765 993 4849 διαμετρεῖται
1006 4764 1042 4831 δὲ
1054 4762 1245 4852 παρεμβολὴ
1257 4766 1460 4851 τετράγωνος
1471 4757 1594 4840 αὐτοῖς.
